1976 3288
0 2023 17 2067 ·.L
1 1893 17 2014 -nssd‘

0 2426 30 2633 ..Λῦψὲνῌυεῆ-

640 239 694 265 οε
717 219 896 266 smouus
921 241 1087 267 ernms.
1556 230 1609 270 13

133 332 226 390 legi
246 338 453 388 oportere
476 332 635 388 ἀγροῖσ
653 331 1125 390 (ἀγροῖς).-Οοηῑιιείο
1146 337 1402 378 vocularum
1422 338 1470 377 δῦ
1491 344 1534 378 et
1556 338 1611 378 δῖ)

136 401 185 445 in
203 401 363 458 vulgus
381 401 604 443 notissima
625 408 703 443 est.

196 535 477 580 Tau-Vide
506 537 654 580 literas
676 539 868 588 Gummi,
889 538 957 586 Pi,
981 540 1060 583 Clu·
1078 547 1123 582 et
1142 539 1231 587 Psi,
1253 548 1297 582 et
1315 543 1373 582 ob
1393 542 1611 583 confusio-

136 612 242 647 nem
259 618 361 647 cum
380 605 572 647 Lambda
588 606 808 662 syllabam
826 608 883 648 e-v.

190 671 350 715 Obiter
377 673 518 715 lector
549 675 750 716 advertat
778 674 966 716 formam
991 676 1133 718 literae
1158 676 1253 718 Tau
1270 676 1316 717 in
1336 689 1445 717 voce
1465 692 1611 732 γεννη-

138 739 298 790 θέντας,
326 748 373 783 et
402 741 448 782 in
479 757 587 784 voce
618 742 771 796 μέντοι.
830 741 980 790 Quam
1011 745 1051 784 si
1075 745 1171 798 quis
1198 745 1434 786 contulerit
1461 759 1561 786 cum
1584 745 1612 791 ξ

136 810 183 852 ἰιι
207 808 363 860 αὐτός’,
384 817 461 852 aut
487 811 535 852 in
559 809 698 864 ἑκάςῳ
723 811 941 868 insignem
967 813 1125 853 harum
1150 813 1379 854 literarum
1407 813 1612 855 similitu-

137 875 288 922 dinem
304 878 457 919 statim
476 877 702 934 intelligit,
718 893 860 934 neque
880 879 1123 925 mirabitur,
1140 893 1215 920 eas
1234 879 1392 935 saepius
1412 881 1612 922 confusas

138 943 474 996 ene—Similis,
505 946 582 987 sed
612 947 743 1001 paulo
777 948 992 1003 grandior
1023 948 1168 989 forma
1198 948 1338 989 literae
1374 948 1470 989 Tau
1508 948 1613 990 satis

137 1026 276 1068 prope
295 1013 461 1055 accedit
488 1014 544 1055 ad
570 1014 875 1070 compendium
904 1015 1085 1070 syllabae
1105 1017 1151 1056 εἰ.
1213 1015 1326 1057 Vide
1353 1015 1470 1058 infra
1499 1017 1612 1057 hanc

138 1080 366 1136 syllabam.

207 1148 379 1205 Duplex
422 1149 516 1192 Tau
552 1150 597 1191 in
629 1149 730 1191 Cod.
764 1150 902 1191 Palat.
938 1156 1035 1192 398.
1075 1152 1138 1192 ita
1170 1159 1520 1206 repraesentatur,
1563 1158 1613 1193 ut

141 1218 364 1272 posterius
397 1217 731 1259 similitudinem
764 1217 923 1259 habeat
958 1233 1058 1259 cum
1090 1217 1219 1260 litera
1248 1219 1442 1262 Gemma.
1501 1219 1614 1261 Vide

140 1299 270 1328 voces
288 1284 532 1343 ἐφύλαττον
552 1293 597 1328 et
615 1283 801 1341 γλώττῃ.

200 1421 653 1480 {spaera—Formam
673 1422 801 1477 hujus
821 1423 966 1464 literae
982 1424 1212 1465 solennem
1231 1425 1277 1465 in
1298 1424 1461 1465 unciali
1480 1424 1616 1479 scrip-

140 1489 243 1533 tura
270 1490 443 1533 Codicis
470 1489 610 1532 Palat.
631 1496 727 1533 398.
758 1492 995 1533 ostendunt
1024 1507 1155 1534 voees
1185 1491 1378 1540 ὑάκινθος
1407 1499 1453 1533 et
1485 1491 1619 1533 αὐτοῦ

139 1558 227 1616 (ex.
250 1559 307 1614 2).
366 1560 526 1602 Literae
554 1561 697 1617 Alpha
719 1561 922 1616 junctum
948 1561 1120 1617 Upsilon
1149 1562 1212 1603 sic
1240 1575 1287 1603 se
1318 1562 1460 1608 habet,
1489 1568 1539 1602 ut
1567 1561 1615 1601 in

144 1638 251 1667 voce
269 1623 485 1674 Γλαύκων,
507 1641 532 1668 e
550 1627 654 1669 Cod.
677 1628 789 1670 Plat.
814 1634 933 1670 1807.
995 1628 1063 1670 Ita
1087 1629 1279 1670 effictum
1297 1627 1368 1678 Εὐ,
1390 1630 1505 1683 quod
1531 1628 1617 1669 lec-

142 1699 215 1734 tor
232 1707 388 1748 pamm
408 1694 671 1736 exercitatus
691 1695 821 1736 facile
841 1696 1002 1736 habeat
1023 1710 1104 1751 pro
1134 1712 1177 1736 αι
1208 1697 1442 1750 saepissime
1468 1697 1617 1751 reperi

142 1760 191 1802 in
219 1759 402 1803 Scholiis
430 1761 602 1804 Codicis
630 1761 671 1802 S.
699 1762 853 1803 Germ.
871 1767 966 1803 249.
1003 1763 1058 1803 ad
1089 1762 1340 1804 AEschinem
1375 1770 1615 1804 oratorem.

142 1828 258 1871 Vide
291 1831 429 1870 verba
459 1825 556 1871 οὐδε
585 1830 608 1871 ὁ
642 1826 820 1882 ἀνεψιὸς
850 1830 984 1872 αὐτου
1005 1830 1312 1885 ε’τραυμάτισεν
1342 1828 1484 1881 αὐτον,
1515 1830 1616 1874 ἀλλ’

144 1891 272 1945 αὐτὸς
290 1895 448 1939 ἑαυτόν.
465 1900 555 1939 tab.
576 1897 606 1939 Ι.
666 1898 768 1939 Alia
787 1906 851 1940 est
870 1899 916 1939 in
937 1899 1100 1941 unciali
1120 1901 1365 1955 alphabeto,
1387 1898 1529 1941 forma
1543 1898 1621 1941 τοῦ

145 1970 182 2008 Υ
198 1963 343 2020 ψιλου,
359 1967 533 2021 quando
550 1967 704 2008 duetus
723 1968 802 2008 sub
819 1967 983 2008 lineam
1004 1967 1216 2008 demissus
1233 1968 1471 2009 omittitur:
1503 1968 1618 2008 unde

142 2034 261 2076 mira
286 2035 436 2076 existit
465 2034 700 2076 similitudo
732 2035 826 2090 ejus
858 2049 958 2076 cum
990 2033 1064 2076 illa
1094 2036 1231 2076 literae
1254 2035 1330 2076 Nu
1360 2035 1513 2083 forma,
1534 2035 1620 2091 qua

143 2114 262 2142 nune
280 2102 446 2144 utimur
466 2099 542 2157 (17).
602 2101 717 2143 Vide
739 2116 893 2143 vocem
911 2102 1322 2156 προσυπακουσ-ι-έον.
1374 2103 1480 2146 Tale
1500 2106 1619 2162 1]Ρεὶ-

145 2168 214 2210 lon
234 2169 367 2210 habet
389 2168 538 2211 Codex
558 2169 749 2211 Vindob.
772 2169 1055 2225 Alciphronis
1073 2169 1173 2226 (111,
1190 2169 1268 2222 41)
1288 2172 1334 2212 in
1356 2185 1462 2212 voce
1479 2171 1619 2225 Δρυά-

144 2234 229 2289 δης,
250 2251 333 2292 pro
353 2235 437 2292 qua
457 2238 661 2293 legerunt
676 2234 897 2291 Ἀρνάδης.

206 2303 339 2346 Initio
358 2318 517 2345 vocum
539 2305 710 2360 Upsilon
737 2306 782 2346 in
814 2305 1030 2360 scriptura
1057 2313 1102 2347 et
1135 2307 1295 2348 unciali
1315 2312 1359 2348 et
1378 2305 1622 2348 minuscula

147 2367 317 2410 Codicis
337 2369 473 2413 Palat.
497 2378 592 2414 398.
613 2373 726 2414 binis
746 2375 918 2428 punctis
946 2374 1152 2430 insigniri
1174 2374 1298 2416 solet.
1359 2373 1473 2415 Vide
1492 2388 1622 2416 voces

147 2432 322 2491 ὕστερον
335 2444 379 2479 et
394 2435 472 2480 ὑπὸ
486 2439 572 2495 (ex.
592 2437 645 2495 1).
698 2439 1031 2483 Recentioribus
1050 2443 1323 2497 temporibus
1341 2442 1495 2484 scribae
1515 2443 1622 2484 bina

148 2509 324 2559 puncta,
356 2512 430 2546 aut
461 2520 596 2549 unum
627 2516 850 2562 punctum,
881 2524 1007 2564 paene
1038 2509 1240 2551 omnibus
1270 2511 1295 2550 ῦ
1327 2511 1621 2565 superscribe-

153 2573 272 2622 bant,
292 2571 385 2614 sive
404 2575 628 2617 ordiretur
647 2591 803 2618 vocem
822 2578 915 2619 haec
933 2578 1074 2625 litera,
1094 2592 1170 2619 seu
1200 2579 1304 2619 alibi
1330 2580 1471 2634 posita
1490 2586 1620 2620 esset.

153 2638 270 2681 Vide
291 2654 424 2695 supra
442 2643 617 2685 literam
640 2645 747 2686 Iota.

208 2705 261 2747 In
279 2708 528 2752 minuscula
549 2711 769 2766 scriptura
790 2714 972 2769 Upsilon,
995 2721 1044 2755 ut
1069 2729 1201 2756 nemo
1231 2715 1378 2760 nescit,
1399 2715 1528 2755 facile
1547 2715 1622 2757 ha—

154 2778 280 2817 betur
298 2789 381 2830 pro
401 2781 438 2817 Ο
456 2776 604 2832 μικρῷ.
619 2794 670 2821 ac
690 2779 816 2822 versa
833 2782 944 2823 vice.
1005 2781 1110 2823 Inde
1130 2783 1378 2823 scribarum
1398 2781 1623 2824 fluctuatio

151 2843 265 2884 inter
284 2841 412 2891 τύπος
430 2851 476 2885 et
495 2844 633 2897 τόπος,
647 2847 767 2889 inter
786 2845 939 2903 δρυμὸς
957 2856 1001 2890 et
1023 2848 1182 2903 δρόμος,
1197 2851 1316 2891 inter
1337 2849 1436 2898 ναῧς
1450 2857 1494 2892 et
1513 2847 1623 2900 ναός,

156 2912 256 2952 vide
276 2911 468 2968 Gregor.
488 2926 528 2966 p.
549 2917 608 2953 10.
633 2927 672 2966 p.
695 2919 787 2954 511.
810 2929 848 2969 p.
867 2919 964 2956 613.
1026 2916 1054 2957 J
1058 2923 1236 2958 unctum
1258 2917 1428 2973 Upsilon
1450 2924 1623 2959 antece-
