1976 3288
592 220 853 253 smcmnwu
882 226 1127 254 memnon.
1167 194 1171 199 .
1568 215 1619 257 19

146 319 336 363 scholiis
358 320 531 362 Codicis
559 319 825 377 Hermogen.
846 325 968 363 1983.
993 321 1068 362 fol.
1084 326 1179 364 136.
1201 329 1325 364 recto
1351 322 1615 380 συμφέρὸ·τι,

148 401 234 444 pro
271 386 538 445 συμφέροντι.
551 388 751 445 —Alpha
784 395 831 430 et
870 389 947 431 Nu
984 390 1183 446 legentes
1216 392 1437 434 interdum
1467 393 1618 435 confu-

147 454 319 505 fflunt,
338 457 512 511 quando
531 457 666 499 litera
681 456 933 513 impositam
951 458 1119 500 habens
1140 458 1349 501 lineolam
1367 462 1513 503 minus
1531 462 1620 503 dis-

147 522 286 567 fincte
303 523 471 580 scripta
490 525 754 580 omninoque
770 527 839 576 (ut
856 540 892 567 e.
904 540 940 568 c.
958 530 996 569 A
1011 533 1057 568 et
1071 524 1133 581 Δ)
1152 527 1209 568 ad
1228 541 1406 571 errores
1429 529 1619 586 gignen-

149 591 228 635 dos
243 605 389 649 prona
406 599 534 635 esset.
607 593 680 635 Sic
698 594 744 634 in
760 592 945 636 scholiis
960 593 1199 637 Platonicis
1216 609 1257 650 p.
1274 600 1368 638 186.
1390 596 1621 639 ediderunt

149 657 224 704 ml
240 658 363 717 παρὰ
378 656 455 716 τὴν
474 660 797 718 ΛωτοφαγίΑΝ
818 662 955 716 νῆσον,
973 661 1214 720 ἀνέχουσαν
1233 664 1305 718 τῆς
1323 662 1469 721 χώρας
1491 671 1617 708 κ.τ.λ.

147 727 237 772 &d
254 729 393 772 codex
417 735 538 776 1807,
561 729 677 771 unde
696 730 780 771 hoc
800 729 1023 771 Scholium
1044 737 1265 786 sumptum
1288 739 1366 780 est,
1387 733 1462 775 dat
1481 740 1622 777 Λωτο-

149 794 355 857 ᾲαγίΔΑ.
416 798 516 839 vide
535 799 626 840 tab.
641 803 674 838 l.

208 933 471 978 Rha—Rho
490 947 676 989 sequens
696 940 794 990 post
817 933 904 976 ΡΙιὶ
924 947 1024 976 cum
1045 935 1129 976 hoc
1157 934 1220 976 sic
1248 938 1524 980 connectitur
1543 953 1623 994 per

150 1008 304 1045 notam
336 1002 741 1058 tachygraphicam,
772 1003 838 1044 uti
872 1002 1111 1044 ostendunt
1141 1017 1272 1046 voces
1302 1004 1473 1061 φρένας,
1507 1004 1623 1063 φρὶξ,

150 1067 352 1128 σφραγὶς,
384 1068 565 1127 φράσον,
597 1084 623 1111 e
652 1069 885 1113 Codicibus
916 1071 1119 1113 Eudociae
1150 1078 1196 1113 et
1222 1072 1624 1116 Pseudoherodiani
1651 1106 1654 1109 -

151 1137 343 1195 Epimer.
393 1137 565 1180 Literss
581 1138 642 1194 ᾴΤρ
660 1138 738 1180 tali
757 1139 889 1181 modo
905 1153 1127 1182 connexas
1140 1139 1360 1182 interdum
1374 1142 1624 1184 habuerunt

150 1218 235 1262 pro
251 1207 348 1248 solo
367 1202 413 1263 ᾧ.
473 1220 513 1246 v.
535 1204 671 1261 Epist.
692 1222 732 1262 p.
747 1212 839 1248 186.

211 1341 478 1386 Tau—Tau
498 1348 595 1398 post
615 1345 647 1383 -ῖι-
665 1356 781 1398 saepe
801 1341 1018 1385 indicatur
1036 1343 1209 1386 minuta
1229 1344 1404 1387 lineolfi.
1455 1347 1568 1389 Vide
1586 1361 1622 1386 v.

154 1410 463 1466 καλυπτόμενα,
483 1409 794 1465 προσ-πάντας,
814 1409 1110 1465 πτεροεῖμονες.

212 1547 515 1604 0me9a.—Ad
535 1546 650 1588 hanc
669 1546 868 1588 vocalem
887 1546 1167 1589 indicandam
1196 1549 1491 1605 tachygraphi
1521 1549 1626 1591 notii

151 1616 221 1658 usi
248 1623 363 1664 sunt,
392 1629 490 1670 quae
523 1615 750 1656 simillima
779 1621 845 1656 est
881 1615 1164 1657 circumflexo
1194 1618 1437 1671 typothetis
1466 1620 1625 1661 nostris

151 1683 328 1732 usitato,
361 1683 588 1738 literaeque
623 1683 897 1725 antecedenti
931 1685 1290 1739 superscribitur.
1350 1686 1465 1728 Vide
1495 1701 1625 1729 voces

152 1751 461 1808 περατωθέντα,
490 1750 748 1806 καταβωμεν
777 1750 823 1809 (e
847 1753 952 1794 Cod.
975 1753 1189 1810 Hermog.
1217 1752 1356 1809 1983),
1389 1752 1449 1808 τῷ
1477 1753 1562 1809 (ex.
1581 1754 1627 1811 2)

152 1819 325 1875 πολέμῳ
353 1818 552 1876 ὁμολογῶ
583 1818 631 1877 (e
650 1820 755 1862 Cod.
776 1819 821 1861 S.
842 1819 995 1863 Germ.
1015 1819 1131 1878 249).
1203 1821 1308 1863 Jam
1339 1836 1440 1864 cum
1470 1823 1626 1865 ductus

152 1887 403 1946 significans
420 1888 598 1930 literam
630 1891 660 1930 ἆ
691 1889 912 1930 interdum
943 1890 1006 1931 sic
1038 1890 1267 1937 formetur,
1291 1897 1339 1931 ut
1369 1890 1415 1931 in
1443 1892 1624 1933 vocibus

153 1951 326 2013 ἄστρων
344 1962 391 1998 et
414 1952 543 1998 αὐτὸν
562 1955 607 2011 (e
622 1956 727 1998 Cod.
748 1955 942 2014 Longini
962 1956 1108 2013 2046),
1130 1958 1227 1999 coll.
1242 1971 1312 1998 vv.
1334 1958 1552 2014 ἐγγυτέρω
1582 1967 1626 2000 et

155 2022 295 2068 κάτωε
322 2024 487 2066 factum
505 2029 585 2070 est,
606 2030 655 2065 ut
676 2025 705 2065 ἆ
722 2030 767 2066 et
785 2024 820 2066 ὦ
838 2030 1235 2067 commutarentur.

223 2090 448 2135 Interdum
477 2098 627 2134 notam
656 2092 779 2134 illam
812 2093 1222 2151 tachygraphorum
1251 2094 1439 2135 similem
1470 2102 1623 2136 nostro

153 2159 432 2202 circumflexo
451 2161 582 2215 plane
606 2160 912 2217 neglexerunt,
934 2162 1120 2216 ideoque
1151 2163 1395 2203 omiserunt
1424 2163 1623 2203 vocalem

154 2227 200 2276 ὃ,
219 2228 298 2270 ubi
314 2229 406 2285 legi
426 2229 626 2270 debebat.

210 2294 263 2337 In
281 2298 551 2337 recentiorum
568 2300 797 2353 temporum
816 2297 1039 2339 codicibus
1052 2304 1161 2339 nota
1172 2297 1518 2355 tachygraphica
1532 2297 1622 2352 syl-

153 2363 266 2405 labae
284 2366 344 2404 ’ὡῖι
362 2363 517 2406 similis
535 2370 602 2406 est
620 2364 902 2406 circumflexo
922 2366 1158 2407 admodum
1178 2366 1341 2422 grandi
1367 2373 1623 2408 nostrorum

151 2437 372 2487 typorum.
446 2431 561 2474 Vide
591 2447 628 2474 e.
643 2447 677 2474 c.
710 2431 924 2488 ἁρμάτων,
954 2433 1264 2489 πρεσβυτέρων,
1296 2433 1507 2491 ἀδελφῶν,
1538 2450 1622 2476 σω-

150 2498 350 2553 μαπκόν.
409 2499 537 2543 Hanc
557 2502 614 2543 ob
635 2515 825 2548 causam,
843 2502 917 2557 qui
936 2503 1224 2544 conferebant
1243 2506 1418 2545 vetustos
1440 2503 1620 2548 codices,

52 2542 62 2604 Ι.
152 2567 376 2609 interdum
394 2574 547 2610 notam
566 2569 893 2626 significantem
911 2570 1070 2627 Omeya
1088 2569 1152 2627 C)
1170 2572 1394 2614 habebant
1408 2585 1491 2626 pro
1506 2585 1621 2612 com-

150 2635 312 2690 pendia
333 2636 514 2691 syllabae
531 2637 983 2694 Ure—compendium
1001 2639 1199 2682 indicans
1222 2639 1379 2695 Omeya
1399 2639 1621 2680 interdum

61 2712 65 2714 ’
153 2703 351 2746 habitum
369 2711 437 2747 est
455 2719 539 2760 pro
558 2713 741 2749 accentu
762 2707 902 2764 gravi.

835 2917 896 2950 c2
