1976 3288
338 228 393 269 12
848 241 899 266 DE
929 241 1109 267 SINGULIS
1140 242 1307 269 uri-nus.

333 335 669 379 Delta—Multi
688 336 845 376 scribae
875 337 1114 377 rotundum
1144 336 1327 377 ductum
1357 336 1485 392 hujus
1506 337 1602 379 Rho
1622 339 1814 394 παραλό-

334 422 421 461 γως
443 404 670 460 grandem,
698 403 1039 458 uncinulumque
1066 405 1144 445 sub
1173 417 1226 444 eo
1255 404 1488 445 minimum
1518 405 1730 454 fecerunt,
1751 407 1816 450 sic

334 480 382 515 ut
402 476 424 514 ὁ
443 473 594 513 videre
610 471 693 512 tibi
715 471 915 512 videaris.
977 486 1017 512 v,
1038 471 1157 512 infra
1175 485 1269 512 voc.
1284 470 1542 526 Ἰσοκράτης.
1602 473 1701 516 Duo
1717 475 1818 517 Rho.

335 541 539 594 deinceps
568 539 708 594 posita
738 536 829 595 (ῤῥ)
858 539 903 580 in
934 539 1037 580 Cod.
1059 539 1196 581 Palat.
1216 546 1310 582 398.
1344 541 1400 594 (V.
1421 537 1619 595 ἔρριψεν)
1639 543 1688 584 in
1706 543 1811 586 Cod.

335 609 377 650 S.
400 608 551 650 Germ.
578 613 672 649 345.
707 605 767 664 (v.
794 603 1035 662 Ἀρριανὸς)
1072 608 1119 648 in
1158 607 1336 662 aliisque
1377 607 1597 651 codicibus
1628 613 1815 653 vetustis

335 690 561 731 nunquam
579 675 758 730 spiritus
777 675 859 717 sibi
878 675 1111 730 inscriptos
1130 676 1314 717 habent:
1346 676 1423 717 sed
1441 676 1549 724 Rho,
1571 692 1598 720 a
1618 693 1704 733 quo
1724 695 1813 722 vox

336 745 498 800 incipit,
520 751 568 786 ut
587 758 702 785 nunc
723 744 818 785 fieri
839 745 961 793 solet,
983 744 1309 802 aspero'spiritu
1330 744 1575 787 instruitur.
1627 747 1716 788 Pro
1737 749 1815 790 du-

337 813 440 869 plici
455 813 550 855 Rho
571 812 618 854 in
634 812 821 855 vetustis
837 812 1059 855 codicibus
1078 826 1280 868 persaepe
1297 812 1482 867 simplex
1497 815 1711 870 seriptum
1730 822 1813 858 est.

396 949 790 1004 &qma—Formae
811 956 846 993 Σ
868 951 940 992 vel
960 952 1007 992 in
1027 952 1080 992 iis
1105 950 1336 1000 codicibus,
1359 965 1465 1006 quos
1485 959 1677 995 vetustos
1704 953 1814 1003 dico,

337 1019 506 1059 nullum
518 1019 757 1076 vestigium
776 1026 966 1074 apparet.
1012 1019 1186 1074 Ubique
1202 1018 1426 1074 reperitur
1442 1018 1582 1062 altera
1596 1019 1753 1070 formii,
1767 1024 1812 1063 C.

339 1086 438 1126 vide
474 1101 569 1140 quae
605 1101 741 1142 supra
774 1088 864 1128 dixi
898 1087 944 1128 in
975 1085 1107 1128 litera
1135 1092 1183 1133 E,
1213 1101 1313 1128 cum
1348 1085 1433 1141 qua
1466 1087 1615 1144 Siqma
1647 1086 1815 1142 passim

338 1156 642 1197 confuderunt.
703 1155 808 1202 Quo
833 1170 951 1197 nunc
970 1155 1134 1197 utimur
1158 1155 1280 1196 finali
1300 1154 1448 1211 Siqma
1469 1153 1539 1212 (ξ),
1565 1169 1656 1196 non
1684 1168 1816 1210 appa-

337 1229 408 1263 ret
436 1224 519 1264 nisi
544 1224 591 1264 in
619 1224 803 1265 novellis
835 1224 1069 1266 codicibus.
1127 1222 1332 1265 Priorum
1362 1224 1536 1266 librarii
1564 1230 1815 1277 temporum

338 1298 520 1333 utuntur
553 1290 691 1334 altera
723 1290 877 1340 forma,
910 1295 959 1333 ff:
1003 1299 1134 1347 atque
1166 1293 1248 1334 hoc
1282 1292 1429 1348 Siqma
1459 1292 1504 1333 in
1536 1292 1641 1333 Cod.
1673 1290 1814 1333 Palat.

340 1364 434 1401 398.
457 1374 572 1416 saepe
593 1360 878 1417 conjungitur
899 1375 999 1402 cum
1018 1375 1126 1403 voce
1146 1368 1370 1415 sequente,
1392 1361 1566 1416 quando
1585 1359 1683 1400 haec
1708 1357 1818 1399 inci-

339 1429 404 1482 pit
426 1443 452 1470 a
471 1431 508 1480 -ῖ,
533 1431 576 1478 τῖ’,
602 1436 678 1471 aut
702 1430 743 1471 ὅ.
805 1428 874 1470 Sic
916 1429 1126 1471 scribitur
1156 1426 1276 1471 εἰστά
1311 1443 1392 1484 pro
1423 1430 1479 1477 εἰς
1510 1424 1577 1475 τὰ,
1609 1424 1816 1469 αὐτούστε

336 1511 419 1551 pro
441 1495 593 1546 αὐτούς
610 1514 667 1544 τε,
690 1496 840 1539 εἰσπᾶν
861 1511 943 1553 pro
970 1498 1024 1546 εἷς
1044 1514 1140 1539 παν.
1193 1497 1290 1539 Hoc
1312 1501 1342 1538 ὅ·
1362 1497 1646 1552 conjunctum
1667 1506 1768 1534 cum
1785 1492 1816 1533 3?

336 1565 564 1607 interdum
583 1566 893 1622 neglexerunt,
913 1565 1112 1621 inprimis
1134 1567 1172 1607 si
1197 1566 1413 1607 rotundus
1440 1566 1593 1606 ductus
1613 1561 1718 1603 vitio
1745 1574 1815 1602 ca-

335 1632 444 1674 lami
476 1633 762 1674 confluxerat.
834 1648 875 1675 v,
902 1626 1094 1691 'Exevnig-
1130 1632 1267 1682 πόλιν,
1298 1631 1343 1690 (e
1376 1633 1585 1674 Parthen.
1621 1644 1713 1685 cap.
1739 1626 1818 1684 xi.)

336 1700 555 1743 Punctum
578 1717 709 1757 super
726 1701 799 1749 ff—w,
818 1716 903 1757 quo
923 1703 1145 1757 separatio
1166 1703 1327 1743 harum
1346 1714 1507 1742 vocum
1528 1697 1814 1756 significatur,

336 1768 489 1810 itidem
510 1770 556 1811 in
578 1771 674 1812 aliis
697 1770 918 1812 codicibus
939 1770 1145 1811 occurrit.

394 1837 481 1879 Per
505 1833 816 1893 ὑποδιαστολὴν
846 1841 924 1880 sub
957 1838 1017 1879 ff&
1046 1838 1092 1879 in
1123 1835 1288 1892 βήσσῃς
1320 1835 1497 1891 Σιθονῖῳ
1528 1836 1569 1890 (e
1589 1832 1817 1888 Parthen.)

333 1905 559 1952 indicatur,
584 1903 747 1960 βήσσῃς
767 1914 810 1948 et
831 1905 1006 1960 Σιθονίῳ
1027 1908 1134 1948 duas
1149 1921 1240 1947 esse
1261 1920 1390 1947 voces
1410 1919 1436 1946 a
1455 1919 1502 1946 se
1524 1903 1818 1945 dirimendas:

336 1975 517 2030 Iotaque
537 1975 835 2029 subscriptum
849 1974 896 2015 in
913 1972 1085 2030 syllaba
1102 1974 1188 2027 σῇ,
1206 1974 1320 2028 quod
1333 1973 1458 2029 juxta
1483 1972 1662 2014 literam
1678 1973 1710 2024 ἧ
1719 1984 1815 2012 esse

337 2044 533 2090 debebat,
549 2057 683 2098 supra
696 2043 892 2098 positum
907 2048 986 2084 est.
1035 2041 1149 2084 Vide
1166 2055 1311 2096 supra,
1329 2042 1375 2081 in
1390 2038 1523 2082 litera
1541 2040 1646 2082 Iota.
1695 2038 1817 2080 Non-

336 2125 563 2165 nunquam
583 2111 676 2152 haec
696 2111 883 2151 duarum
900 2123 1060 2151 vocum
1082 2109 1350 2164 conjunctio,
1363 2122 1498 2162 usque
1521 2109 1575 2149 ab
1596 2107 1684 2148 illis
1704 2112 1816 2148 tem-

336 2180 516 2235 poribus
530 2179 780 2234 repetenda,
796 2179 952 2233 quibus
967 2191 1116 2218 omnes
1128 2189 1259 2217 voces
1274 2174 1485 2217 continuo
1497 2175 1814 2220 scribebantur,
1887 2199 1892 2207 -

335 2248 382 2289 in
402 2249 516 2303 ipsas
537 2247 750 2288 editiones
777 2247 1042 2302 scriptorum
1062 2245 1324 2287 Graecorum
1342 2258 1423 2299 per
1444 2243 1667 2284 editorum
1693 2255 1816 2283 erro—

337 2330 434 2357 rem
452 2316 638 2370 irrepsit.
651 2314 772 2356 —De
789 2313 893 2356 Cod.
910 2314 1048 2356 Palat.
1069 2318 1164 2353 398.
1182 2313 1309 2368 juvat
1329 2313 1411 2353 hoc
1433 2311 1603 2352 addere.
1665 2307 1712 2350 Si
1730 2322 1818 2349 vox

338 2388 374 2425 E
396 2380 517 2436 ψιλῷ
537 2382 697 2428 finitur,
720 2383 1007 2437 proximeque
1031 2381 1263 2435 insequens
1296 2395 1322 2422 a
1352 2383 1380 2422 ἶ
1403 2379 1570 2434 incipit,
1591 2376 1812 2422 librarius,

337 2451 519 2505 perinde
551 2458 601 2492 ut
632 2451 679 2491 in
710 2448 840 2491 litera
861 2450 891 2490 ὅ·
916 2451 1069 2490 ambas
1090 2463 1220 2490 voces
1252 2447 1488 2489 connectit.
1549 2446 1622 2487 Sic
1655 2443 1813 2485 scribit

335 2514 536 2572 ἕπεμπέτε
550 2533 630 2573 pro
650 2514 807 2573 ἔπεμπέ
824 2535 880 2565 τε,
902 2514 1048 2575 εἶχετῷ
1068 2531 1150 2572 pro
1171 2514 1271 2574 εἶχε·
1290 2514 1573 2570 τῷ.--8ἱ9ητα
1592 2511 1814 2553 interdum

339 2601 439 2628 cum
456 2593 491 2628 O
507 2586 641 2643 μικρῷ
662 2587 954 2629 confunditur.
1001 2586 1228 2627 Posterior
1244 2585 1362 2626 enim
1379 2583 1508 2624 litera
1524 2595 1551 2623 a
1564 2578 1706 2635 priori
1725 2592 1814 2620 non

338 2656 498 2704 differt,
524 2655 609 2697 nisi
641 2654 837 2698 absentia
867 2655 1053 2701 lineolae,
1076 2668 1171 2709 quae
1191 2654 1315 2695 illam
1334 2665 1435 2693 cum
1454 2646 1582 2692 litera
1610 2647 1815 2702 proxime

339 2731 549 2778 sequente
581 2725 774 2780 copulat:
822 2739 917 2779 quae
950 2724 1113 2765 lineola
1142 2721 1180 2764 si
1211 2722 1395 2762 addatur
1426 2718 1569 2760 literae
1589 2719 1627 2766 ὃ,
1644 2715 1818 2771 justum

339 2792 485 2848 Siyma
510 2793 717 2836 nascitur.
777 2792 828 2834 In
848 2791 1097 2848 Apollonio,
1119 2806 1158 2846 p.
1180 2795 1245 2831 34.
1268 2789 1418 2831 Codex
1439 2787 1482 2829 S.
1503 2785 1657 2827 Germ.
1680 2784 1753 2824 dat
1773 2784 1816 2824 αἱ

338 2860 381 2902 ἐν
401 2861 486 2917 (ex.
500 2860 548 2916 5)
572 2862 722 2917 ἀγροῖο
748 2860 956 2915 νέμουσαι.
1017 2860 1164 2903 Nemo
1189 2873 1279 2900 non
1303 2855 1523 2912 intelligit,
1553 2867 1634 2908 pro
1664 2850 1817 2907 ἀγροῖο
