1976 3288
332 230 392 272 26
794 241 827 267 sl
833 239 1056 267 NGULARUM
1086 238 1365 266 SYLLABARUM.

335 340 475 382 simile
506 344 570 380 est
600 336 859 392 compendio
888 335 1118 390 particulae
1139 328 1195 380 δὲ,
1218 347 1318 375 cum
1345 331 1483 388 eaque
1513 333 1816 377 confunditur:

335 407 435 448 vide
470 419 599 447 voces
632 402 789 452 θέντες,
823 401 1003 451 εἰπόντες
1038 398 1416 457 ἀναγινώσκοντες,
1449 397 1626 458 ῥήτορες.
1698 401 1818 446 Vide

336 476 471 516 etiam
505 474 623 515 infra
650 487 690 513 v.
717 467 953 520 Ἀππιανὸς,
986 477 1030 513 et
1061 472 1114 512 de
1150 471 1440 513 similitudine
1474 472 1590 513 inter
1621 468 1664 519 Ξ·
1694 477 1741 514 et
1770 474 1819 515 ἴυ

335 547 592 595 sequentem
612 541 860 583 articulum.

397 636 464 672 12.
497 631 687 686 Syllabae
716 628 835 672 ffl—
848 628 954 670 Haec
989 626 1288 684 diphthongus
1318 628 1366 668 in
1402 628 1566 670 unciali
1598 629 1819 687 scriptura

336 699 500 755 passim
531 700 592 740 sic
624 699 834 754 pingitur,
867 703 915 738 ut
949 697 995 737 in
1026 710 1136 737 voce
1166 694 1429 749 ἐπιτηδεύων.
1491 696 1543 738 In
1578 697 1821 741 minuscula

337 765 558 822 scriptura
589 768 789 808 codicum
818 764 954 807 seculi
985 765 1092 806 noni
1121 765 1366 820 decimique
1393 765 1444 808 55
1465 766 1601 808 talem
1630 767 1820 809 formam

335 838 479 885 habet,
500 836 677 891 qualem
701 835 938 877 ostendunt
957 847 1087 876 voces
1107 832 1229 888 τεῦξε
1248 841 1292 876 et
1309 833 1474 889 εὐρώπη
1494 833 1539 892 (e
1557 834 1660 878 Cod.
1680 835 1818 879 Palat.

339 902 453 960 398),
485 905 673 958 satisque
705 917 845 959 prope
879 901 1046 944 accedit
1080 902 1135 943 ad
1166 900 1218 950 ἔς.
1277 901 1394 944 Vide
1427 917 1558 946 voces
1590 900 1745 959 δεσμὸν
1776 911 1821 947 et

337 971 473 1032 ἔσχεν,
491 989 516 1015 e
533 973 645 1015 Ood.
661 971 798 1014 Palat.
827 978 871 1012 et
889 967 945 1013 τὰ
960 969 1045 1027 (ex.
1066 967 1110 1025 l)
1129 969 1304 1026 δεύτερα
1322 971 1407 1027 (ex.
1428 970 1481 1028 1),
1502 972 1544 1021 ἐς
1562 967 1637 1027 τὴν
1657 976 1744 1030 (ex.
1764 971 1819 1030 1).

393 1046 718 1090 Posterioribus
748 1045 906 1087 seculis
936 1047 981 1085 ε”υ
1011 1045 1073 1085 sie
1103 1044 1343 1085 formatum
1374 1052 1452 1093 est,
1483 1052 1531 1087 ut
1559 1046 1606 1087 in
1635 1048 1819 1090 vocibus

336 1113 582 1170 βασιλεύων
600 1120 644 1156 et
663 1109 869 1169 εὕρηνται,
891 1113 1007 1154 unde
1035 1117 1136 1153 orta
1165 1114 1364 1154 confusio
1388 1127 1488 1154 cum
1512 1113 1642 1173 litera
1661 1115 1816 1172 Alpha.

336 1186 566 1227 Librarius
596 1183 698 1224 Cod.
725 1181 869 1236 Apoll.
898 1180 1077 1235 Dyscoli
1108 1185 1220 1221 2548
1251 1180 1385 1222 Theca
1417 1182 1480 1223 sic
1508 1183 1663 1240 pingit,
1692 1190 1742 1225 ut
1773 1183 1821 1226 ε’-υ

336 1254 507 1296 referre
537 1252 750 1293 videatur.
823 1249 947 1290 Conf.
981 1263 1074 1290 voc.
1105 1247 1348 1299 συνθέτουςς
1390 1255 1434 1291 et
1464 1250 1509 1292 εἶ)
1537 1250 1583 1292 in
1614 1252 1713 1293 loco
1748 1251 1818 1297 καὶ

336 1323 421 1379 (ex.
444 1325 515 1374 17)
535 1317 583 1363 τὸ
604 1323 692 1372 (ex.
714 1316 756 1376 l)
776 1319 822 1362 ἒῖι
839 1319 910 1372 τῆς
931 1316 1020 1374 (ex.
1040 1315 1088 1370 4)
1109 1315 1267 1366 οὐσίας,
1286 1331 1311 1359 e
1331 1317 1435 1360 Cod.
1455 1318 1590 1361 Paris.
1614 1324 1740 1362 2423.

400 1416 463 1452 13.
496 1409 690 1465 Syllabae
723 1407 1021 1461 n—v.—Notam
1053 1408 1451 1463 tachygraphicam
1481 1409 1609 1464 hujus
1639 1410 1819 1466 syllabae

338 1479 480 1520 discas
510 1492 534 1519 e
565 1478 747 1519 vocibus
776 1470 851 1530 τὴν
881 1473 969 1531 (ex.
989 1473 1035 1530 4)
1063 1473 1294 1532 Ἀχιλλέως
1327 1471 1448 1531 τιμὴν
1477 1475 1565 1534 (ex.
1590 1475 1646 1533 2).
1705 1479 1821 1523 Vide

337 1548 477 1589 etiam
506 1540 749 1600 διαστολὴν,
771 1559 825 1586 ex
846 1544 989 1600 Etym.
1012 1542 1199 1586 Sorbon.
1231 1551 1275 1585 et
1301 1538 1377 1598 τὴν
1399 1546 1488 1601 (ex.
1509 1542 1555 1602 2)
1582 1544 1819 1602 ἱερωσύνην,

336 1616 393 1664 εἷς
414 1613 607 1657 Λεόντιον
629 1609 704 1668 τὴν
724 1613 810 1670 (ex.
831 1611 876 1670 3)
902 1611 1121 1668 ἐρωμένην,
1144 1626 1168 1654 e
1190 1612 1294 1654 Cod.
1311 1613 1459 1656 Vatic.
1485 1621 1580 1657 305.

395 1689 622 1730 Porsonus
653 1688 707 1729 ad
736 1686 867 1728 Hom.
891 1686 1050 1742 Odyss.
1075 1691 1125 1728 A.
1149 1692 1224 1728 58:
1264 1687 1417 1742 inquit,
1450 1694 1472 1710 “
1487 1688 1725 1731 Sciendum
1745 1696 1821 1739 est,

340 1764 362 1781 “
381 1757 410 1799 ἆ
431 1772 530 1799 cum
554 1757 896 1812 superscribitur
914 1755 960 1796 in
980 1755 1067 1796 fine
1086 1756 1217 1803 vocis,
1236 1756 1365 1797 valde
1393 1757 1579 1798 similem
1602 1771 1696 1800 csse
1722 1772 1823 1800 con-

341 1833 363 1849 “
386 1826 594 1868 tractioni
610 1825 661 1873 ei,
676 1823 760 1879 qua
777 1824 1082 1881 significantur
1104 1825 1154 1876 η-ν
1168 1831 1213 1865 et
1233 1824 1282 1866 ι-ν.
1338 1824 1461 1867 πᾶσα
1481 1826 1622 1882 igitur
1642 1841 1821 1884 corrup-

339 1902 360 1918 “
382 1901 479 1936 tum
515 1900 579 1936 est
610 1909 665 1935 ex
699 1893 841 1941 πᾶσιν,
879 1894 1008 1948 idque
1049 1908 1103 1935 ex
1142 1894 1333 1935 ποσσιν.”
1392 1895 1492 1936 vide
1530 1909 1660 1937 voces
1698 1895 1822 1939 πᾶσα

337 1963 424 2021 (ex.
446 1961 488 2020 1)
509 1970 554 2004 et
574 1962 705 2005 πᾶσιν
727 1976 782 2004 ex
802 1969 952 2004 mente
973 1963 1061 2005 viri
1081 1962 1241 2004 eximii.

399 2039 446 2080 Si
477 2043 583 2087 nota
613 2038 793 2092 syllabae
818 2037 875 2090 ἢν,
897 2043 946 2078 ut
967 2052 1002 2078 e.
1022 2051 1056 2078 c.
1079 2038 1125 2078 in
1147 2037 1329 2078 vocibus
1351 2030 1426 2090 τὴν
1449 2034 1535 2093 (ex.
1553 2033 1598 2092 5)
1617 2042 1663 2078 et
1691 2030 1822 2093 αὐτὴν

341 2106 612 2147 connectitur
643 2119 744 2146 cum
772 2102 902 2145 litera
931 2106 1228 2153 antecedente,
1249 2105 1466 2159 simulque
1495 2119 1597 2160 pars
1625 2106 1822 2161 superior

341 2175 565 2231 angulosa,
599 2173 644 2214 id
680 2173 795 2228 quod
830 2173 1000 2214 calamo
1034 2174 1245 2215 velociter
1280 2179 1483 2214 currente
1523 2187 1695 2228 semper
1728 2174 1824 2216 fieri

340 2244 461 2293 solet,
497 2244 628 2284 ductu
661 2242 863 2299 pingitur
896 2244 1106 2284 rotundo:
1150 2244 1201 2293 ’W
1229 2241 1357 2283 facile
1386 2242 1550 2284 habeas
1576 2256 1658 2298 pro
1690 2242 1751 2291 δῦ,
1780 2249 1824 2286 et

340 2310 470 2352 versa
503 2311 626 2359 vice3
672 2325 778 2352 nam
815 2312 891 2353 ubi
927 2313 970 2353 αἱ
1005 2306 1260 2365 καταλήξεις
1290 2325 1450 2352 vocum
1484 2310 1824 2370 ταχυγραφικῶς

341 2380 450 2420 fiunt
471 2380 731 2434 compendii,
751 2381 975 2421 interdum
1002 2395 1084 2435 pro
1112 2379 1283 2436 syllaba
1302 2380 1380 2422 τοῦ
1395 2382 1538 2422 solum
1556 2383 1594 2429 ἦ
1615 2381 1823 2438 adjuncto

342 2446 632 2493 circumflexo,
655 2447 871 2495 scribitur,
895 2454 944 2489 ut
968 2449 1138 2490 factum
1157 2462 1194 2489 e.
1213 2463 1248 2490 c.
1268 2449 1315 2490 in
1337 2463 1430 2490 voc.
1451 2446 1606 2505 τυφλοὶ
1633 2446 1822 2506 γίνονται

344 2507 422 2556 ὑπὸ
443 2513 530 2571 (eX.
550 2513 595 2571 4)
612 2515 691 2557 τοῦ
707 2514 792 2572 (ex.
807 2516 850 2571 4)
870 2516 1069 2573 παγετοῦ,
1090 2532 1115 2559 e
1136 2516 1239 2559 Cod.
1257 2516 1404 2559 Vatic.
1429 2523 1522 2558 305.

407 2610 470 2646 14.
501 2605 692 2660 Syllabae
726 2605 1018 2658 {a—Notam
1052 2607 1180 2663 hujus
1217 2607 1398 2662 syllabae
1429 2607 1823 2663 tachygraphicam

345 2672 534 2715 vidimus
554 2675 600 2715 in
621 2674 799 2729 ἀμοιβῆς
819 2681 862 2717 et
882 2675 929 2716 in
950 2671 1211 2731 καταφανής.
1272 2674 1383 2718 Haec
1413 2677 1508 2732 ejus
1538 2676 1685 2717 forma
1711 2675 1822 2718 anti—

344 2743 552 2797 quissima
582 2750 659 2785 est.
723 2742 1036 2786 Recentiorem
1068 2745 1258 2786 formam
1291 2743 1460 2786 videbis
1493 2745 1540 2786 in
1574 2739 1742 2799 εἰρήνης,
1775 2746 1823 2787 in

345 2807 516 2865 πλήρης,
536 2812 608 2866 τῆς
629 2813 711 2866 (ex.
728 2811 774 2868 7)
793 2814 882 2869 «γῆς,
900 2814 1186 2870 junctamque
1219 2813 1500 2856 circumflexo
1517 2814 1563 2856 in
1585 2814 1657 2869 τῆς
1675 2811 1760 2871 (ex.
1778 2814 1822 2868 6)

346 2877 528 2932 ἀπειλῆς,
553 2894 576 2921 e
597 2880 702 2922 Cod.
718 2881 854 2924 Paris.
882 2888 973 2924 133.
