1976 3288
663 218 927 248 imnum
951 218 1098 246 vocum.
1563 206 1618 247 55

204 313 642 372 Ποιητής.-Ῑ,ἱ1)ι·9,ι·ἱί
661 329 814 356 vocem
831 316 956 361 hanc,
977 314 1023 355 in
1043 314 1248 355 omnibus
1280 313 1463 359 casibus,
1484 313 1622 369 signi-

148 386 282 428 ficant
300 392 376 428 aut
396 383 652 440 compendio
671 380 780 436 W,
807 383 1180 438 superscribentes
1199 381 1236 429 ἦ
1259 388 1333 424 aut
1363 381 1620 438 compendio

148 457 230 504 π-οἳ,
250 457 621 512 superscribentes
642 457 673 508 ἦ.

222 523 424 579 Πόλεμος,
462 523 671 577 πολέμιος,
710 521 840 571 πόλις,
881 520 1064 574 πολίτης,
1113 517 1256 570 πολὺς,
1306 532 1625 574 nonnunquam

149 593 305 635 eodem
347 592 609 647 compendio
651 592 913 632 scribuntur.
993 589 1093 631 Hoc
1137 595 1204 631 est
1241 587 1412 644 syllaba
1450 590 1518 638 ῖο,
1556 585 1626 628 cui

151 661 345 704 Lambda
379 661 722 716 superscriptum
753 666 834 700 est.
917 658 1133 713 Exempla
1171 658 1435 700 confusionis
1468 657 1626 698 harum

153 743 312 773 vocum
330 728 523 784 reperies
542 728 676 783 Epist.
696 741 736 782 p.
755 732 848 775 240,
872 741 932 782 sq.
965 733 1008 769 et
1025 725 1223 782 Append.
1245 740 1286 781 p.
1306 731 1371 766 53.

222 798 376 841 Verba
407 796 430 838 ὁ
452 797 538 851 (ex,
555 793 600 851 4)
640 791 756 849 ἥλιος
786 791 866 836 ὑπὸ
888 795 974 849 (ex.
991 792 1037 849 3)
1065 793 1150 837 τῶν
1172 793 1259 852 (ex.
1276 797 1320 847 2)
1351 792 1530 849 Κρητῶν
1560 788 1628 835 οὔ·

154 883 238 916 τως
255 867 342 918 (ex.
359 864 403 921 1)
419 864 592 921 λέγεται
609 862 694 920 (ex.
711 861 766 919 2).
826 859 936 919 φασὶ
951 861 1038 919 (ex.
1054 866 1099 915 2)
1120 859 1207 918 ’γὰρ
1222 862 1308 919 (ex.
1327 866 1369 915 l)
1388 857 1462 916 τὴν
1479 860 1568 919 (ex.
1586 860 1630 911 5)

154 934 280 978 πόλιν
299 933 387 992 (ex.
406 931 465 989 1),
497 932 664 988 sumpsi
701 946 757 974 ex
796 932 980 973 articulo
1018 930 1185 973 inedito
1220 930 1370 972 Lexici
1399 930 1440 971 S.
1474 929 1629 972 Germ.

156 1004 319 1046 rhetor.
341 1000 717 1058 sophist.-Simul
739 1000 862 1042 licuit
881 994 1371 1056 repraesentare'notam
1396 1000 1632 1055 tachygra-

157 1072 334 1128 phicam
362 1070 554 1113 nominis
585 1065 711 1124 ἥλιος,
735 1083 832 1124 quae
863 1068 910 1109 in
939 1067 1066 1110 libris
1095 1081 1232 1109 manu
1267 1067 1445 1122 scriptis
1478 1067 1632 1121 saepis-

157 1141 267 1184 sime
299 1140 530 1195 reperitur.
609 1136 723 1184 Quae
762 1143 869 1179 nota
908 1151 1008 1178 cum
1047 1135 1180 1178 etiam
1217 1132 1378 1193 χρυσὸς
1416 1135 1633 1192 significet

158 1222 292 1251 nemo
329 1207 566 1250 mirabitur
607 1204 783 1247 facilem
822 1203 1212 1246 commutationem
1250 1204 1478 1246 nominum
1519 1200 1634 1258 ἥλιος

157 1283 205 1320 et
223 1274 392 1335 χρυσός.

223 1341 427 1386 Πολιτεία
455 1341 626 1384 librarii
658 1355 776 1383 nunc
808 1341 1083 1395 scripserunt
1115 1330 1239 1387 πολῖ,
1271 1352 1389 1380 nunc
1428 1339 1535 1381 item
1568 1356 1634 1387 πο,

159 1412 276 1467 quod
295 1411 601 1466 compendium
619 1410 844 1451 interdum
862 1410 1070 1465 legerunt
1089 1405 1311 1454 πολιτικός.
1372 1407 1486 1449 Vide
1509 1421 1639 1448 voces

161 1477 348 1523 Πλάτων
367 1476 580 1526 πολιτείας
591 1476 678 1534 (ex.
691 1474 734 1532 1)
751 1471 787 1529 B
810 1482 888 1518 etc.
911 1490 936 1518 e
958 1475 1060 1517 Cod.
1082 1474 1124 1515 S.
1146 1474 1300 1516 Germ.
1314 1479 1408 1515 345.
1470 1475 1638 1516 Eodem

162 1547 422 1604 compendio
442 1546 652 1588 scribitur
673 1545 935 1600 adjectivum
950 1541 1183 1597 πολεμικός.
1233 1541 1334 1584 Ideo
1355 1543 1520 1597 passim
1536 1557 1638 1584 con-

162 1618 264 1660 fusa
299 1622 400 1658 sunt
436 1611 660 1668 πολεμικὸς
699 1620 743 1654 et
779 1611 1004 1661 πολιτικός.
1085 1610 1250 1652 Moneo
1287 1608 1370 1652 hac
1408 1611 1640 1652 occasione

162 1685 348 1728 Graecos
368 1684 535 1726 scribas
555 1696 646 1724 non
666 1695 766 1723 usos
787 1695 881 1722 esse
901 1680 1114 1735 peculiari
1135 1679 1394 1734 compendio
1415 1678 1641 1720 nominum

162 1752 210 1795 in
226 1753 296 1795 ᾗ
316 1758 360 1794 et
377 1751 425 1793 in
445 1751 490 1793 ἶᾶ
518 1750 818 1798 desinentium,
840 1750 915 1791 sed
947 1761 1183 1790 consonam
1212 1748 1281 1788 his
1308 1747 1487 1802 syllabis
1519 1754 1640 1789 ante-

164 1822 402 1868 cedentem,
425 1825 473 1862 ut
494 1820 541 1861 in
561 1814 675 1866 πολῖ,
698 1816 1077 1872 superscripsisse:
1109 1816 1184 1870 qui
1203 1815 1302 1856 fons
1321 1815 1405 1856 fuit
1430 1815 1640 1870 plurimo-

164 1902 268 1931 rum
305 1901 517 1934 errorum,
558 1901 659 1928 cum
692 1885 896 1927 socordia
928 1882 1177 1940 legentium
1210 1883 1256 1923 in
1297 1882 1444 1923 locum
1483 1882 1640 1923 horum

164 1957 395 1998 nominum
413 1955 651 2010 saepissime
672 1953 887 1994 sufficeret
907 1950 1124 2007 adjectiva
1144 1956 1221 1991 aut
1252 1948 1338 1991 alia
1361 1950 1642 1990 substantiva

166 2025 346 2082 generis
366 2023 608 2066 masculini.

223 2090 625 2140 flamminea—Vide
643 2091 731 2131 tab.
745 2104 826 2131 xw.
847 2094 884 2129 2.
943 2087 990 2128 it.
1008 2101 1044 2128 v.
1065 2084 1342 2142 συγκριτικός.

224 2157 492 2214 Πολύδωρος,
512 2156 768 2211 Πολύδημος,
789 2153 1060 2208 Πολυδάμας,
1079 2159 1328 2209 potuerunt,
1346 2157 1394 2193 ut
1413 2152 1566 2193 monui
1587 2154 1642 2194 ad

167 2227 361 2285 Gregor.
382 2241 423 2282 p.
442 2232 506 2274 19,
524 2239 600 2280 sq„
617 2226 721 2266 solis
737 2225 905 2266 duabus
926 2223 1106 2278 syllabis
1126 2220 1362 2262 initialibus
1379 2218 1500 2268 π-οῑῦ,
1515 2219 1644 2262 Delta

167 2295 472 2351 superscripto,
512 2292 708 2334 indicari.
784 2292 813 2333 J
817 2306 888 2333 am
936 2304 1037 2332 cum
1083 2286 1289 2337 Πολύὶδος
1337 2289 1643 2343 compendiose

168 2363 380 2418 scriptum
408 2361 541 2403 fuerit
559 2337 708 2406 Πολύῗ,
730 2373 882 2401 omnes
903 2358 1055 2399 vident
1079 2358 1161 2399 hoc
1190 2369 1353 2397 nomen
1385 2370 1486 2398 cum
1504 2355 1643 2400 Πολύ·

169 2429 302 2486 δωρος
318 2429 524 2472 facillime
545 2429 751 2470 confundi
770 2425 974 2483 potuisse.

227 2497 600 2554 Πρᾶγμω-Ἧᾶθ
621 2510 756 2552 supra
778 2510 818 2537 v.
839 2492 1068 2551 γράφεται.

227 2565 431 2621 Πρόθεσις
468 2578 586 2605 nunc
633 2564 842 2606 scribitur
887 2562 970 2603 hoc
1010 2560 1280 2616 compendio,
1320 2575 1402 2614 προ
1436 2560 1556 2613 (vide
1589 2561 1645 2602 ad

171 2634 366 2691 Gregor.
387 2648 428 2688 p.
447 2631 557 2687 167),
578 2646 695 2673 nunc
724 2632 909 2687 perinde
934 2636 985 2671 ut
1004 2635 1167 2671 caetera
1185 2627 1364 2669 nomina
1382 2628 1427 2667 in
1447 2642 1514 2675 σις
1533 2628 1646 2669 desi-

173 2702 338 2748 nentia,
354 2702 437 2742 hoe
457 2706 523 2742 est
540 2701 613 2747 sic,
630 2706 682 2741 ut
700 2702 722 2741 ’ἑ
742 2705 931 2755 ponatur
948 2711 1079 2753 super
1096 2693 1215 2752 W.
1261 2694 1498 2737 Posteriori
1512 2697 1645 2737 modo

174 2770 427 2812 scribuntur
446 2767 579 2810 etiam
597 2767 730 2819 θέσις,
751 2765 886 2824 φύσις.
945 2763 1078 2822 (Vide
1110 2778 1239 2806 voces
1267 2759 1316 2805 τὸ
1349 2765 1379 2804 ἆ
1402 2761 1525 2819 φύσει
1554 2761 1644 2807 ἐστὶ

172 2836 260 2894 (ex.
276 2833 322 2893 2)
340 2832 517 2891 μακρὸν,
538 2832 587 2878 τὸ
607 2831 652 2879 δὲ
671 2835 757 2892 (ex.
774 2833 819 2891 4)
838 2837 858 2876 ἶ
878 2833 1006 2882 θέσει,
1028 2849 1082 2876 ex
1103 2833 1249 2888 Etym.
1273 2833 1458 2875 Sorbon.
1518 2832 1642 2874 Conf.
