1976 3288
625 221 885 256 &NGU‘LKRUM
913 229 1157 257 u'rERARUM.
1569 220 1618 262 17

19 313 33 350 s
70 331 73 335 '
140 339 281 381 quam
309 324 531 383 significet
553 329 588 365 17.
649 323 686 365 E
708 324 940 371 contrario,
961 324 1090 366 litera
1111 326 1300 382 Epsilon,
1323 328 1618 384 superscripto

147 391 220 442 Pi,
237 394 416 436 solenne
436 399 503 435 est
527 392 834 448 compendium
852 393 1021 434 voculae
1040 390 1117 435 ἐπὶ.

203 460 389 505 Lineola
408 461 712 516 superscripta,
734 476 831 516 quae
851 461 1068 518 significat
1086 465 1128 509 ἃ,
1149 463 1195 503 in
1216 464 1437 517 codicibus
1465 478 1617 507 recen-

142 530 311 572 tiorum
326 536 578 585 temporum
602 531 747 572 rarius
771 531 978 572 occurrit.
1039 529 1143 577 Quo
1171 531 1314 588 magis
1335 532 1402 573 his
1423 534 1468 574 in
1488 533 1614 576 libris

142 597 477 653 increbrescunt
498 598 602 640 bina
621 604 786 653 puncta
804 598 887 640 sibi
906 599 1243 654 superimposita
1261 598 1328 655 (z),
1346 615 1444 654 quae
1466 601 1614 643 videas

137 665 276 711 etiam
292 667 340 709 in
358 666 580 709 codicibus
599 667 925 709 vetustioribus.
983 667 1090 709 Haec
1110 675 1282 723 puncta,
1303 670 1494 710 maxime
1514 677 1614 724 post

141 733 341 783 literas-ur,
352 749 438 783 τ,σ,
451 736 486 781 θ,
503 746 537 778 z
548 766 558 782 ,
571 751 597 779 ¹,-
613 741 894 788 usurpantur,
908 741 1214 789 ponunturque
1226 736 1300 784 sic,
1315 742 1362 778 ut
1376 737 1612 778 ostendunt

138 814 271 843 voces
299 800 498 856 πατρίδα,
527 801 663 843 παῖδα
682 799 767 858 (ex.
788 802 844 853 l),
866 801 1079 851 τάλαντα,
1102 799 1310 857 ἀπῆτησα,
1335 803 1531 856 ἐνταῦθα,
1558 802 1612 846 τὰ

19 870 22 874 ’
59 911 61 913 ,
82 916 88 922 ,
133 866 224 925 (ex.
241 867 292 922 2.)
311 865 598 925 περιστατικὰ,
628 866 740 911 κατὰ
767 869 855 926 (ex.
876 870 918 920 6)
945 869 1098 918 πάντα,
1122 869 1255 925 τάξιν,
1280 886 1376 926 quae
1405 886 1557 914 omnes
1586 887 1611 913 e

135 934 298 980 Codice
316 937 614 995 Hermogenis
638 944 757 981 1983.
781 946 968 994 sumptae
989 946 1100 981 sunt.
1161 939 1306 981 Facile
1337 941 1609 982 confundun-

137 1010 212 1046 tur
244 1019 347 1047 cum
379 1005 466 1049 illis
499 1007 668 1048 duobus
702 1007 886 1062 punctis,
922 1021 1020 1062 quae
1049 1008 1178 1063 juxta
1210 1022 1257 1050 se
1292 1009 1505 1050 collocata
1539 1008 1610 1060 (..)

138 1073 390 1130 significant
429 1079 454 1116 ῐ.
534 1075 648 1117 Vide
687 1089 817 1117 voces
865 1074 1105 1131 γράψαντι,
1146 1075 1397 1132 Λυκόφρονι,
1439 1072 1608 1131 ἅρματι.

135 1138 356 1184 Posterius
401 1142 651 1197 exemplum
694 1144 1003 1198 depromptum
1042 1151 1109 1185 est
1146 1159 1171 1185 e
1205 1144 1367 1186 Codice
1405 1143 1608 1186 Eudociae

134 1206 200 1265 (p.
222 1214 318 1251 290.
340 1210 404 1251 ed.
419 1209 612 1265 Villois.)
674 1211 926 1253 Notandum
957 1220 1036 1259 est,
1067 1213 1284 1268 syllabam
1314 1213 1372 1254 τ-α
1401 1212 1445 1254 in
1476 1213 1607 1254 certis

136 1277 394 1332 quibusdam
425 1279 644 1322 codicibus
674 1281 737 1322 sic
765 1282 1071 1336 compendiose
1102 1282 1250 1332 scribi,
1278 1289 1326 1324 ut
1355 1282 1401 1323 in
1429 1284 1607 1325 vocibus

136 1340 397 1403 καταφανὴς,
431 1346 610 1389 τοιαῦτα
644 1344 825 1403 ῥήματα,
858 1351 1131 1403 μεταστῆναι,
1168 1346 1273 1406 (ἀπὸ
1310 1364 1375 1391 eX.
1400 1351 1441 1399 4)
1477 1366 1606 1404 μετα-

133 1412 271 1469 φορᾶς
298 1412 401 1470 (τῶν
421 1421 483 1462 (ex.
492 1422 524 1462 3)
544 1414 835 1471 τεθνηκότων),
860 1416 1149 1471 ἐπιθυμοῦντα.
1211 1433 1235 1460 e
1257 1417 1368 1460 Cod.
1389 1418 1431 1461 S.
1453 1417 1603 1460 Germ.

135 1485 230 1522 249.
401 1498 405 1502 ·

191 1548 258 1591 De
286 1551 540 1594 confusione
571 1553 688 1609 signi
717 1554 1050 1611 tachygraphici
1078 1557 1259 1611 syllabae
1279 1557 1326 1597 a
1346 1569 1445 1597 cum
1476 1552 1603 1596 litera

132 1617 276 1675 Alphe
294 1619 395 1662 vide
415 1621 533 1664 infra
551 1623 664 1664 hanc
684 1623 910 1678 syllabam.

187 1686 332 1743 Alphe
370 1702 619 1731 connexum
653 1705 754 1732 cum
788 1692 968 1733 Gamma
1002 1707 1056 1734 eo
1090 1694 1349 1748 compendio
1389 1691 1600 1748 pingitur,

133 1754 250 1809 quod
278 1756 515 1798 ostendunt
545 1771 676 1800 voces
707 1756 924 1815 τραγικὸν,
947 1759 1139 1816 πρᾶγμα,
1162 1757 1358 1817 τραγικὰ.
1384 1758 1603 1816 τραγωδο-

129 1820 270 1870 ποιῶν,
291 1823 593 1880 ἀναγκάζεται.

185 1889 356 1948 Magna
390 1893 628 1936 similitudo
662 1896 730 1937 his
767 1896 904 1939 literis
937 1898 1172 1940 intercedit
1211 1913 1311 1940 cum
1345 1896 1512 1953 syllaba
1546 1899 1599 1951 εἶ(

125 1954 258 2010 (conf.
279 1972 408 2001 voces
426 1959 590 2016 μεγέθει
612 1970 655 2003 et
673 1962 890 2020 ἐγχειρεῖ).

186 2025 254 2067 De
273 2026 442 2081 syllaba
461 2028 523 2084 ‹Fy
541 2030 624 2071 hoc
644 2031 767 2077 addo,
789 2033 1011 2075 interdum
1034 2034 1219 2076 similem
1244 2047 1335 2075 esse
1358 2034 1541 2088 syllabae
1563 2033 1596 2071 ἔι

120 2092 202 2135 tali
226 2095 484 2150 compendio
510 2098 695 2153 scr-ipae,
717 2101 844 2154 quale
863 2103 1034 2144 videbis
1055 2104 1101 2144 in
1121 2117 1229 2144 voce
1250 2098 1349 2159 ἔχει.
1410 2100 1543 2148 Quod
1560 2101 1596 2142 si

124 2161 220 2216 quis
247 2161 330 2203 hoc
359 2178 393 2204 ει
426 2171 526 2206 cum
556 2165 683 2208 litera
713 2176 923 2222 sequente
957 2177 1246 2217 connecteret,
1275 2171 1338 2224 <ze—7
1367 2176 1411 2210 et
1440 2170 1474 2211 εἳ
1506 2182 1593 2209 non

125 2235 300 2282 possent
317 2231 404 2271 nisi
423 2245 551 2274 sensu
572 2236 812 2276 verborum
832 2237 1043 2292 dignosci.

179 2294 285 2342 Quo
314 2301 572 2352 compendio
602 2303 852 2344 scribuntur
872 2306 903 2346 ἆ
923 2312 968 2346 et
995 2307 1028 2352 ἒ,
1051 2306 1126 2347 ubi
1150 2306 1360 2347 adherent
1388 2305 1529 2346 literae
1549 2306 1591 2360 ἢ,

36 2358 46 2378 ’·
123 2363 278 2405 eodem
305 2364 494 2408 formata
522 2368 680 2416 videas,
706 2373 879 2424 quando
910 2387 1110 2415 connexa
1138 2380 1240 2415 sunt
1267 2387 1367 2414 cum
1396 2372 1526 2414 litera
1544 2376 1589 2430 5(-

34 2435 41 2498 Ἰ
121 2430 236 2474 Vide
262 2446 390 2474 voces
415 2431 648 2492 τραχήλου,
668 2435 852 2496 διαχέαν,
874 2439 1121 2498 ἀχάριστον,
1140 2440 1303 2499 τέχνην,
1325 2436 1411 2498 ἔχει
1431 2440 1517 2498 (ex.
1534 2442 1588 2496 2),

122 2513 219 2553 quae
252 2514 384 2542 voces
423 2515 576 2544 omnes
613 2518 638 2545 e
672 2503 833 2547 Codice
864 2506 1056 2564 Longini
1096 2514 1220 2550 2046.
1255 2516 1438 2565 sumptae
1470 2517 1589 2551 sunt.

120 2567 221 2609 vide
259 2570 393 2610 etium
431 2569 639 2628 ἕντρεχεῖς
674 2579 718 2614 et
751 2572 1190 2633 §nexa—Compara
1228 2591 1330 2618 cum
1370 2579 1584 2632 exemplis

44 2647 46 2649 ·
119 2636 301 2690 syllabae
327 2635 390 2693 oz—'x
411 2638 551 2680 citatis
572 2653 703 2682 voces
731 2642 879 2698 σχῆμα
899 2650 943 2685 et
966 2643 1469 2702 ὁλοσχερῶς.-Εαοί1ἰιιε
1499 2646 1585 2687 dis—

118 2704 292 2760 tinguas
311 2705 374 2761 ‹Tc->2
392 2711 438 2746 et
458 2706 520 2762 δῖ(
541 2707 588 2748 in
607 2707 768 2750 Codice
790 2709 906 2753 Ven.
926 2710 1057 2753 Hom.
1078 2712 1131 2753 A.
1191 2713 1304 2755 Vide
1325 2726 1454 2754 voces
1485 2714 1587 2754 inde

10 2762 12 2767 ’
42 2777 54 2826 J
118 2777 312 2826 sumptas
340 2773 650 2830 συναχθόμενος
667 2775 861 2834 Ἀχαιοῖς.
921 2779 1067 2821 Voces
1083 2775 1279 2834 Ἀθήναζε
1300 2786 1346 2821 et
1368 2780 1585 2834 Δημοσθέ-

117 2853 194 2890 νης,
216 2852 240 2880 e
267 2838 427 2881 Codice
448 2840 489 2881 S.
506 2841 658 2884 Germ.
682 2849 776 2885 345.
798 2846 882 2887 hoc
914 2847 1097 2888 consilio
1127 2849 1437 2903 repraesentari
1462 2850 1584 2904 jussi,

833 2927 855 2954 c
