<?xml version="1.0" encoding="UTF-8"?>
<!DOCTYPE html PUBLIC "-//W3C//DTD XHTML 1.0 Transitional//EN"
    "http://www.w3.org/TR/xhtml1/DTD/xhtml1-transitional.dtd">
<html xmlns="http://www.w3.org/1999/xhtml" xml:lang="en" lang="en">
 <head>
  <title>
</title>
<meta http-equiv="Content-Type" content="text/html;charset=utf-8" />
  <meta name='ocr-system' content='tesseract 3.04.00' />
  <meta name='ocr-capabilities' content='ocr_page ocr_carea ocr_par ocr_line ocrx_word'/>
</head>
<body>
  <div class='ocr_page' id='page_1' title='image "./excerptaexcommen00bastuoft_0018.png"; bbox 0 0 1976 3288; ppageno 0'>
   <div class='ocr_carea' id='block_1_1' title="bbox 323 263 1314 305">
    <p class='ocr_par' dir='ltr' id='par_1_1' title="bbox 323 263 1314 305">
     <span class='ocr_line' id='line_1_1' title="bbox 323 263 1314 305; baseline -0.012 -5"><span class='ocrx_word' id='word_1_1' title='bbox 323 265 352 305; x_wconf 81' lang='lat'>2</span> <span class='ocrx_word' id='word_1_2' title='bbox 841 269 893 294; x_wconf 77' lang='lat' dir='ltr'>m:</span> <span class='ocrx_word' id='word_1_3' title='bbox 924 265 1114 294; x_wconf 71' lang='lat' dir='ltr'>smcums</span> <span class='ocrx_word' id='word_1_4' title='bbox 1140 263 1314 290; x_wconf 61' lang='grc' dir='ltr'><strong>ωτι-11113.</strong></span> 
     </span>
    </p>
   </div>
   <div class='ocr_carea' id='block_1_2' title="bbox 335 352 1820 966">
    <p class='ocr_par' dir='ltr' id='par_1_2' title="bbox 335 352 1815 632">
     <span class='ocr_line' id='line_1_2' title="bbox 395 352 1810 428; baseline -0.014 -14"><span class='ocrx_word' id='word_1_5' title='bbox 395 371 537 428; x_wconf 75' lang='lat' dir='ltr'>Alpha</span> <span class='ocrx_word' id='word_1_6' title='bbox 567 368 628 411; x_wconf 91' lang='lat' dir='ltr'>sic</span> <span class='ocrx_word' id='word_1_7' title='bbox 660 368 840 423; x_wconf 88' lang='lat' dir='ltr'>pictum,</span> <span class='ocrx_word' id='word_1_8' title='bbox 871 369 920 404; x_wconf 87' lang='lat' dir='ltr'>ut</span> <span class='ocrx_word' id='word_1_9' title='bbox 951 362 1156 403; x_wconf 91' lang='lat' dir='ltr'>ultimum</span> <span class='ocrx_word' id='word_1_10' title='bbox 1183 359 1231 399; x_wconf 89' lang='lat' dir='ltr'>in</span> <span class='ocrx_word' id='word_1_11' title='bbox 1261 353 1431 414; x_wconf 82' lang='grc' dir='ltr'><em>ἔσχατα</em></span> <span class='ocrx_word' id='word_1_12' title='bbox 1460 362 1503 398; x_wconf 87' lang='lat' dir='ltr'>et</span> <span class='ocrx_word' id='word_1_13' title='bbox 1528 356 1575 397; x_wconf 91' lang='grc'>111</span> <span class='ocrx_word' id='word_1_14' title='bbox 1603 353 1714 409; x_wconf 82' lang='grc' dir='ltr'><em>δῆλα</em></span> <span class='ocrx_word' id='word_1_15' title='bbox 1737 352 1810 411; x_wconf 86' lang='lat' dir='ltr'>(ex</span> 
     </span>
     <span class='ocr_line' id='line_1_3' title="bbox 335 423 1814 493; baseline -0.014 -9"><span class='ocrx_word' id='word_1_16' title='bbox 335 441 436 483; x_wconf 90' lang='lat' dir='ltr'>Cod.</span> <span class='ocrx_word' id='word_1_17' title='bbox 456 436 586 493; x_wconf 75' lang='lat'>1524)</span> <span class='ocrx_word' id='word_1_18' title='bbox 604 450 763 492; x_wconf 88' lang='lat' dir='ltr'>parum</span> <span class='ocrx_word' id='word_1_19' title='bbox 788 433 943 480; x_wconf 86' lang='lat' dir='ltr'>differt,</span> <span class='ocrx_word' id='word_1_20' title='bbox 963 429 1155 472; x_wconf 86' lang='lat' dir='ltr'><strong>maxime</strong></span> <span class='ocrx_word' id='word_1_21' title='bbox 1177 427 1224 468; x_wconf 92' lang='lat' dir='ltr'>in</span> <span class='ocrx_word' id='word_1_22' title='bbox 1243 426 1651 482; x_wconf 81' lang='lat' dir='ltr'>tachygraphorum</span> <span class='ocrx_word' id='word_1_23' title='bbox 1675 423 1814 478; x_wconf 86' lang='lat' dir='ltr'>serip-</span> 
     </span>
     <span class='ocr_line' id='line_1_4' title="bbox 336 492 1815 562; baseline -0.015 -9"><span class='ocrx_word' id='word_1_24' title='bbox 336 508 446 557; x_wconf 73' lang='lat' dir='ltr'>tura‚</span> <span class='ocrx_word' id='word_1_25' title='bbox 470 524 496 550; x_wconf 91' lang='lat' dir='ltr'>a</span> <span class='ocrx_word' id='word_1_26' title='bbox 516 507 789 562; x_wconf 87' lang='lat' dir='ltr'>diphthongo</span> <span class='ocrx_word' id='word_1_27' title='bbox 809 505 845 544; x_wconf 68' lang='grc' dir='ltr'>Ξ</span> <span class='ocrx_word' id='word_1_28' title='bbox 864 503 910 543; x_wconf 83' lang='grc'>111</span> <span class='ocrx_word' id='word_1_29' title='bbox 931 499 1112 541; x_wconf 80' lang='lat' dir='ltr'>vocibus</span> <span class='ocrx_word' id='word_1_30' title='bbox 1133 493 1287 549; x_wconf 81' lang='grc' dir='ltr'><em>ἐκείνης</em></span> <span class='ocrx_word' id='word_1_31' title='bbox 1307 500 1353 536; x_wconf 90' lang='lat' dir='ltr'>et</span> <span class='ocrx_word' id='word_1_32' title='bbox 1373 493 1532 536; x_wconf 85' lang='grc' dir='ltr'><em>λαθεῖν.</em></span> <span class='ocrx_word' id='word_1_33' title='bbox 1593 492 1815 546; x_wconf 79' lang='lat' dir='ltr'><strong>Compara</strong></span> 
     </span>
     <span class='ocr_line' id='line_1_5' title="bbox 339 561 1532 632; baseline -0.015 -12"><span class='ocrx_word' id='word_1_34' title='bbox 339 578 470 620; x_wconf 91' lang='lat' dir='ltr'>etiam</span> <span class='ocrx_word' id='word_1_35' title='bbox 490 573 706 632; x_wconf 83' lang='lat' dir='ltr'>posterius</span> <span class='ocrx_word' id='word_1_36' title='bbox 729 570 872 628; x_wconf 76' lang='lat' dir='ltr'>Alpha</span> <span class='ocrx_word' id='word_1_37' title='bbox 891 570 938 610; x_wconf 90' lang='lat' dir='ltr'>in</span> <span class='ocrx_word' id='word_1_38' title='bbox 957 566 1139 621; x_wconf 72' lang='grc' dir='ltr'><em>πρᾶγμα</em></span> <span class='ocrx_word' id='word_1_39' title='bbox 1161 578 1262 605; x_wconf 90' lang='lat' dir='ltr'>cum</span> <span class='ocrx_word' id='word_1_40' title='bbox 1282 579 1314 605; x_wconf 88' lang='grc' dir='ltr'>ει</span> <span class='ocrx_word' id='word_1_41' title='bbox 1335 564 1382 604; x_wconf 87' lang='grc'>111</span> <span class='ocrx_word' id='word_1_42' title='bbox 1402 561 1532 617; x_wconf 72' lang='grc' dir='ltr'><strong><em>λέγει.</em></strong></span> 
     </span>
    </p>

    <p class='ocr_par' dir='ltr' id='par_1_3' title="bbox 339 627 1817 905">
     <span class='ocr_line' id='line_1_6' title="bbox 398 627 1816 688; baseline -0.015 0"><span class='ocrx_word' id='word_1_43' title='bbox 398 646 465 688; x_wconf 93' lang='lat' dir='ltr'>De</span> <span class='ocrx_word' id='word_1_44' title='bbox 489 639 717 686; x_wconf 69' lang='lat' dir='ltr'>notissima</span> <span class='ocrx_word' id='word_1_45' title='bbox 739 637 1082 681; x_wconf 87' lang='lat' dir='ltr'>commutatione</span> <span class='ocrx_word' id='word_1_46' title='bbox 1101 635 1243 675; x_wconf 88' lang='lat' dir='ltr'>literae</span> <span class='ocrx_word' id='word_1_47' title='bbox 1266 633 1294 672; x_wconf 81' lang='grc' dir='ltr'><strong>ἃ</strong></span> <span class='ocrx_word' id='word_1_48' title='bbox 1316 638 1359 672; x_wconf 91' lang='lat' dir='ltr'>et</span> <span class='ocrx_word' id='word_1_49' title='bbox 1379 629 1642 685; x_wconf 85' lang='lat' dir='ltr'>diphthongi</span> <span class='ocrx_word' id='word_1_50' title='bbox 1661 631 1706 670; x_wconf 70' lang='lat' dir='ltr'>e&#39;v</span> <span class='ocrx_word' id='word_1_51' title='bbox 1719 627 1816 684; x_wconf 86' lang='lat' dir='ltr'>jam</span> 
     </span>
     <span class='ocr_line' id='line_1_7' title="bbox 339 694 1816 764; baseline -0.014 -7"><span class='ocrx_word' id='word_1_52' title='bbox 339 714 639 756; x_wconf 87' lang='lat' dir='ltr'>Montfaucon.</span> <span class='ocrx_word' id='word_1_53' title='bbox 658 710 877 764; x_wconf 84' lang='lat' dir='ltr'>Palaeogr.</span> <span class='ocrx_word' id='word_1_54' title='bbox 893 705 971 747; x_wconf 88' lang='lat' dir='ltr'>Gr.</span> <span class='ocrx_word' id='word_1_55' title='bbox 988 719 1029 759; x_wconf 90' lang='lat' dir='ltr'>p.</span> <span class='ocrx_word' id='word_1_56' title='bbox 1050 707 1143 745; x_wconf 78' lang='lat'><strong>343.</strong></span> <span class='ocrx_word' id='word_1_57' title='bbox 1166 702 1271 758; x_wconf 89' lang='lat' dir='ltr'>egit.</span> <span class='ocrx_word' id='word_1_58' title='bbox 1335 700 1480 742; x_wconf 85' lang='lat' dir='ltr'>Voces</span> <span class='ocrx_word' id='word_1_59' title='bbox 1503 694 1747 750; x_wconf 82' lang='grc' dir='ltr'><em>βασιλεύων</em></span> <span class='ocrx_word' id='word_1_60' title='bbox 1770 702 1816 737; x_wconf 90' lang='lat' dir='ltr'>et</span> 
     </span>
     <span class='ocr_line' id='line_1_8' title="bbox 340 764 1817 837; baseline -0.014 -13"><span class='ocrx_word' id='word_1_61' title='bbox 340 778 541 837; x_wconf 74' lang='grc' dir='ltr'><em>εὕρηνται,</em></span> <span class='ocrx_word' id='word_1_62' title='bbox 560 793 659 821; x_wconf 88' lang='lat' dir='ltr'>eam</span> <span class='ocrx_word' id='word_1_63' title='bbox 678 783 877 819; x_wconf 88' lang='lat' dir='ltr'>tenentes</span> <span class='ocrx_word' id='word_1_64' title='bbox 897 775 1090 815; x_wconf 88' lang='lat' dir='ltr'>formam</span> <span class='ocrx_word' id='word_1_65' title='bbox 1111 769 1372 825; x_wconf 76' lang='lat' dir='ltr'>diphthongi</span> <span class='ocrx_word' id='word_1_66' title='bbox 1389 770 1444 814; x_wconf 75' lang='grc' dir='ltr'>ε’ῡ,</span> <span class='ocrx_word' id='word_1_67' title='bbox 1461 780 1557 820; x_wconf 90' lang='lat' dir='ltr'>quae</span> <span class='ocrx_word' id='word_1_68' title='bbox 1574 765 1628 806; x_wconf 90' lang='lat' dir='ltr'>ad</span> <span class='ocrx_word' id='word_1_69' title='bbox 1642 764 1817 805; x_wconf 84' lang='lat' dir='ltr'>literam</span> 
     </span>
     <span class='ocr_line' id='line_1_9' title="bbox 341 836 1645 905; baseline -0.013 -14"><span class='ocrx_word' id='word_1_70' title='bbox 341 853 370 892; x_wconf 87' lang='grc' dir='ltr'><em>ἇ</em></span> <span class='ocrx_word' id='word_1_71' title='bbox 389 849 588 905; x_wconf 85' lang='lat' dir='ltr'>proxime</span> <span class='ocrx_word' id='word_1_72' title='bbox 612 845 788 893; x_wconf 83' lang='lat' dir='ltr'>accedit,</span> <span class='ocrx_word' id='word_1_73' title='bbox 808 848 990 898; x_wconf 88' lang='lat' dir='ltr'>sumptae</span> <span class='ocrx_word' id='word_1_74' title='bbox 1014 846 1116 882; x_wconf 87' lang='lat' dir='ltr'>sunt</span> <span class='ocrx_word' id='word_1_75' title='bbox 1137 853 1161 880; x_wconf 89' lang='lat' dir='ltr'>e</span> <span class='ocrx_word' id='word_1_76' title='bbox 1181 838 1339 879; x_wconf 84' lang='lat' dir='ltr'>Codice</span> <span class='ocrx_word' id='word_1_77' title='bbox 1360 836 1497 877; x_wconf 88' lang='lat' dir='ltr'>Paris.</span> <span class='ocrx_word' id='word_1_78' title='bbox 1523 839 1645 876; x_wconf 74' lang='lat'><strong>2433.</strong></span> 
     </span>
    </p>

    <p class='ocr_par' dir='ltr' id='par_1_4' title="bbox 398 900 1820 966">
     <span class='ocr_line' id='line_1_10' title="bbox 398 900 1820 966; baseline -0.013 -7"><span class='ocrx_word' id='word_1_79' title='bbox 398 917 514 960; x_wconf 91' lang='lat' dir='ltr'>Vide</span> <span class='ocrx_word' id='word_1_80' title='bbox 538 915 647 956; x_wconf 75' lang='lat' dir='ltr'>Beta</span> <span class='ocrx_word' id='word_1_81' title='bbox 661 928 678 964; x_wconf 91' lang='lat'><em>;</em></span> <span class='ocrx_word' id='word_1_82' title='bbox 712 912 885 966; x_wconf 77' lang='lat' dir='ltr'>Epsilon</span> <span class='ocrx_word' id='word_1_83' title='bbox 916 911 971 951; x_wconf 91' lang='lat' dir='ltr'>ob</span> <span class='ocrx_word' id='word_1_84' title='bbox 1003 906 1389 950; x_wconf 86' lang='lat' dir='ltr'>commutationem</span> <span class='ocrx_word' id='word_1_85' title='bbox 1426 903 1606 958; x_wconf 87' lang='lat' dir='ltr'>syllabae</span> <span class='ocrx_word' id='word_1_86' title='bbox 1631 902 1688 943; x_wconf 63' lang='grc' dir='ltr'>δῖ]</span> <span class='ocrx_word' id='word_1_87' title='bbox 1721 900 1820 941; x_wconf 90' lang='lat' dir='ltr'>lite-</span> 
     </span>
    </p>
   </div>
   <div class='ocr_carea' id='block_1_3' title="bbox 343 973 1820 1103">
    <p class='ocr_par' dir='ltr' id='par_1_5' title="bbox 343 973 1820 1103">
     <span class='ocr_line' id='line_1_11' title="bbox 343 973 1820 1039; baseline -0.012 -13"><span class='ocrx_word' id='word_1_88' title='bbox 343 999 490 1039; x_wconf 89' lang='lat' dir='ltr'>raeque</span> <span class='ocrx_word' id='word_1_89' title='bbox 520 986 570 1031; x_wconf 85' lang='grc' dir='ltr'>ἇ;</span> <span class='ocrx_word' id='word_1_90' title='bbox 615 981 803 1036; x_wconf 77' lang='lat' dir='ltr'>Ome9a;</span> <span class='ocrx_word' id='word_1_91' title='bbox 846 977 1031 1031; x_wconf 88' lang='lat' dir='ltr'>denique</span> <span class='ocrx_word' id='word_1_92' title='bbox 1065 977 1120 1016; x_wconf 94' lang='lat' dir='ltr'>ob</span> <span class='ocrx_word' id='word_1_93' title='bbox 1149 973 1478 1015; x_wconf 89' lang='lat' dir='ltr'>similitudinem</span> <span class='ocrx_word' id='word_1_94' title='bbox 1505 984 1606 1011; x_wconf 89' lang='lat' dir='ltr'>cum</span> <span class='ocrx_word' id='word_1_95' title='bbox 1635 985 1690 1015; x_wconf 84' lang='grc' dir='ltr'>εν,</span> <span class='ocrx_word' id='word_1_96' title='bbox 1712 985 1760 1015; x_wconf 83' lang='grc' dir='ltr'>ιν,</span> <span class='ocrx_word' id='word_1_97' title='bbox 1783 985 1820 1010; x_wconf 78' lang='grc' dir='ltr'>οι</span> 
     </span>
     <span class='ocr_line' id='line_1_12' title="bbox 345 1048 912 1103; baseline -0.011 -11"><span class='ocrx_word' id='word_1_98' title='bbox 345 1058 388 1092; x_wconf 90' lang='lat' dir='ltr'>et</span> <span class='ocrx_word' id='word_1_99' title='bbox 409 1052 453 1098; x_wconf 67' lang='lat'>53-</span> <span class='ocrx_word' id='word_1_100' title='bbox 472 1050 589 1091; x_wconf 87' lang='lat' dir='ltr'>infra</span> <span class='ocrx_word' id='word_1_101' title='bbox 607 1050 687 1090; x_wconf 80' lang='lat' dir='ltr'>has</span> <span class='ocrx_word' id='word_1_102' title='bbox 709 1048 912 1103; x_wconf 82' lang='lat' dir='ltr'><strong>syllabas.</strong></span> 
     </span>
    </p>
   </div>
   <div class='ocr_carea' id='block_1_4' title="bbox 348 1213 1823 1413">
    <p class='ocr_par' dir='ltr' id='par_1_6' title="bbox 348 1213 1823 1413">
     <span class='ocr_line' id='line_1_13' title="bbox 404 1213 1823 1272; baseline -0.006 -11"><span class='ocrx_word' id='word_1_103' title='bbox 404 1217 709 1261; x_wconf 58' lang='lat' dir='ltr'>Bam—Inter</span> <span class='ocrx_word' id='word_1_104' title='bbox 730 1220 877 1260; x_wconf 86' lang='lat' dir='ltr'>varias</span> <span class='ocrx_word' id='word_1_105' title='bbox 901 1217 1028 1272; x_wconf 87' lang='lat' dir='ltr'>hujus</span> <span class='ocrx_word' id='word_1_106' title='bbox 1053 1216 1193 1256; x_wconf 86' lang='lat' dir='ltr'>literae</span> <span class='ocrx_word' id='word_1_107' title='bbox 1216 1214 1380 1255; x_wconf 82' lang='lat' dir='ltr'>formas</span> <span class='ocrx_word' id='word_1_108' title='bbox 1406 1213 1700 1267; x_wconf 84' lang='lat' dir='ltr'>plurimarum</span> <span class='ocrx_word' id='word_1_109' title='bbox 1724 1213 1823 1254; x_wconf 88' lang='lat' dir='ltr'>fons</span> 
     </span>
     <span class='ocr_line' id='line_1_14' title="bbox 348 1276 1822 1340; baseline -0.006 -10"><span class='ocrx_word' id='word_1_110' title='bbox 348 1288 657 1330; x_wconf 85' lang='lat' dir='ltr'>confusionum</span> <span class='ocrx_word' id='word_1_111' title='bbox 677 1287 755 1329; x_wconf 88' lang='lat' dir='ltr'>fuit</span> <span class='ocrx_word' id='word_1_112' title='bbox 775 1301 840 1334; x_wconf 88' lang='lat' dir='ltr'>ea,</span> <span class='ocrx_word' id='word_1_113' title='bbox 864 1299 995 1340; x_wconf 91' lang='lat' dir='ltr'>quam</span> <span class='ocrx_word' id='word_1_114' title='bbox 1017 1284 1250 1326; x_wconf 87' lang='lat' dir='ltr'>ostendunt</span> <span class='ocrx_word' id='word_1_115' title='bbox 1268 1295 1398 1323; x_wconf 90' lang='lat' dir='ltr'>voces</span> <span class='ocrx_word' id='word_1_116' title='bbox 1421 1276 1570 1336; x_wconf 80' lang='grc' dir='ltr'><strong><em>ἁβρὸν,</em></strong></span> <span class='ocrx_word' id='word_1_117' title='bbox 1591 1279 1822 1336; x_wconf 81' lang='grc' dir='ltr'><em>βάρβαροι.</em></span> 
     </span>
     <span class='ocr_line' id='line_1_15' title="bbox 348 1352 1506 1413; baseline -0.006 -15"><span class='ocrx_word' id='word_1_118' title='bbox 348 1356 524 1413; x_wconf 85' lang='lat' dir='ltr'>Quippe</span> <span class='ocrx_word' id='word_1_119' title='bbox 539 1357 649 1398; x_wconf 79' lang='lat' dir='ltr'>Beta</span> <span class='ocrx_word' id='word_1_120' title='bbox 669 1356 728 1397; x_wconf 80' lang='lat' dir='ltr'>sic</span> <span class='ocrx_word' id='word_1_121' title='bbox 748 1357 990 1397; x_wconf 84' lang='lat' dir='ltr'>formatum</span> <span class='ocrx_word' id='word_1_122' title='bbox 1008 1353 1182 1395; x_wconf 89' lang='lat' dir='ltr'>librarii</span> <span class='ocrx_word' id='word_1_123' title='bbox 1202 1352 1506 1393; x_wconf 86' lang='lat' dir='ltr'>confuderunt.</span> 
     </span>
    </p>
   </div>
   <div class='ocr_carea' id='block_1_5' title="bbox 350 1442 1832 1844">
    <p class='ocr_par' dir='ltr' id='par_1_7' title="bbox 350 1442 1832 1844">
     <span class='ocr_line' id='line_1_16' title="bbox 412 1442 1828 1504; baseline -0.005 -15"><span class='ocrx_word' id='word_1_124' title='bbox 412 1453 444 1489; x_wconf 92' lang='lat'>1.</span> <span class='ocrx_word' id='word_1_125' title='bbox 477 1447 586 1489; x_wconf 91' lang='lat' dir='ltr'>Cum</span> <span class='ocrx_word' id='word_1_126' title='bbox 618 1447 771 1504; x_wconf 75' lang='lat' dir='ltr'>Alpha,</span> <span class='ocrx_word' id='word_1_127' title='bbox 804 1453 849 1488; x_wconf 91' lang='lat' dir='ltr'>et</span> <span class='ocrx_word' id='word_1_128' title='bbox 881 1446 1054 1501; x_wconf 91' lang='lat' dir='ltr'>quidem</span> <span class='ocrx_word' id='word_1_129' title='bbox 1082 1444 1148 1486; x_wconf 90' lang='lat' dir='ltr'>ita</span> <span class='ocrx_word' id='word_1_130' title='bbox 1185 1443 1358 1499; x_wconf 88' lang='lat' dir='ltr'>scripto,</span> <span class='ocrx_word' id='word_1_131' title='bbox 1394 1444 1462 1483; x_wconf 94' lang='lat' dir='ltr'>uti</span> <span class='ocrx_word' id='word_1_132' title='bbox 1499 1443 1613 1483; x_wconf 87' lang='lat' dir='ltr'>hanc</span> <span class='ocrx_word' id='word_1_133' title='bbox 1647 1442 1828 1483; x_wconf 86' lang='lat' dir='ltr'>literam</span> 
     </span>
     <span class='ocr_line' id='line_1_17' title="bbox 350 1511 1827 1569; baseline -0.005 -11"><span class='ocrx_word' id='word_1_134' title='bbox 350 1519 386 1558; x_wconf 87' lang='grc' dir='ltr'>οἱ</span> <span class='ocrx_word' id='word_1_135' title='bbox 407 1514 705 1559; x_wconf 85' lang='grc' dir='ltr'><em>τυποπλάσται</em></span> <span class='ocrx_word' id='word_1_136' title='bbox 728 1517 979 1557; x_wconf 85' lang='lat' dir='ltr'>etiamnunc</span> <span class='ocrx_word' id='word_1_137' title='bbox 994 1516 1041 1557; x_wconf 92' lang='lat' dir='ltr'>in</span> <span class='ocrx_word' id='word_1_138' title='bbox 1057 1528 1186 1555; x_wconf 88' lang='lat' dir='ltr'>usum</span> <span class='ocrx_word' id='word_1_139' title='bbox 1203 1512 1588 1569; x_wconf 85' lang='lat' dir='ltr'>typographorum</span> <span class='ocrx_word' id='word_1_140' title='bbox 1603 1511 1827 1567; x_wconf 88' lang='lat' dir='ltr'>effingunt.</span> 
     </span>
     <span class='ocr_line' id='line_1_18' title="bbox 352 1578 1830 1641; baseline -0.005 -15"><span class='ocrx_word' id='word_1_141' title='bbox 352 1584 470 1626; x_wconf 90' lang='lat' dir='ltr'>Nam</span> <span class='ocrx_word' id='word_1_142' title='bbox 491 1584 528 1625; x_wconf 90' lang='lat' dir='ltr'>si</span> <span class='ocrx_word' id='word_1_143' title='bbox 547 1584 699 1641; x_wconf 68' lang='lat' dir='ltr'>Alphe,</span> <span class='ocrx_word' id='word_1_144' title='bbox 716 1584 761 1625; x_wconf 94' lang='lat' dir='ltr'>id</span> <span class='ocrx_word' id='word_1_145' title='bbox 781 1585 895 1639; x_wconf 91' lang='lat' dir='ltr'>quod</span> <span class='ocrx_word' id='word_1_146' title='bbox 915 1583 1044 1625; x_wconf 89' lang='lat' dir='ltr'>facile</span> <span class='ocrx_word' id='word_1_147' title='bbox 1064 1583 1115 1624; x_wconf 94' lang='lat' dir='ltr'>fit</span> <span class='ocrx_word' id='word_1_148' title='bbox 1135 1583 1181 1623; x_wconf 93' lang='lat' dir='ltr'>in</span> <span class='ocrx_word' id='word_1_149' title='bbox 1204 1578 1421 1635; x_wconf 66' lang='lat' dir='ltr'>scriptura</span> <span class='ocrx_word' id='word_1_150' title='bbox 1441 1579 1742 1636; x_wconf 84' lang='lat' dir='ltr'>tachygraphi,</span> <span class='ocrx_word' id='word_1_151' title='bbox 1766 1579 1830 1620; x_wconf 90' lang='lat' dir='ltr'>sic</span> 
     </span>
     <span class='ocr_line' id='line_1_19' title="bbox 354 1647 1831 1705; baseline -0.005 -11"><span class='ocrx_word' id='word_1_152' title='bbox 354 1653 572 1701; x_wconf 83' lang='lat' dir='ltr'>scribitur,</span> <span class='ocrx_word' id='word_1_153' title='bbox 594 1659 642 1694; x_wconf 89' lang='lat' dir='ltr'>ut</span> <span class='ocrx_word' id='word_1_154' title='bbox 668 1654 823 1694; x_wconf 88' lang='lat' dir='ltr'>ductus</span> <span class='ocrx_word' id='word_1_155' title='bbox 854 1652 1012 1693; x_wconf 82' lang='lat' dir='ltr'>calami</span> <span class='ocrx_word' id='word_1_156' title='bbox 1041 1664 1230 1705; x_wconf 90' lang='lat' dir='ltr'>superne</span> <span class='ocrx_word' id='word_1_157' title='bbox 1260 1650 1534 1703; x_wconf 88' lang='lat' dir='ltr'>interruptus</span> <span class='ocrx_word' id='word_1_158' title='bbox 1562 1647 1664 1694; x_wconf 91' lang='lat' dir='ltr'>hiet,</span> <span class='ocrx_word' id='word_1_159' title='bbox 1687 1647 1831 1688; x_wconf 88' lang='lat' dir='ltr'>forma</span> 
     </span>
     <span class='ocr_line' id='line_1_20' title="bbox 354 1715 1832 1777; baseline -0.005 -15"><span class='ocrx_word' id='word_1_160' title='bbox 354 1722 446 1777; x_wconf 85' lang='lat' dir='ltr'>ejus</span> <span class='ocrx_word' id='word_1_161' title='bbox 479 1722 535 1763; x_wconf 87' lang='lat' dir='ltr'>ad</span> <span class='ocrx_word' id='word_1_162' title='bbox 555 1721 665 1763; x_wconf 78' lang='lat' dir='ltr'>Beta</span> <span class='ocrx_word' id='word_1_163' title='bbox 697 1721 893 1762; x_wconf 88' lang='lat' dir='ltr'>accedit:</span> <span class='ocrx_word' id='word_1_164' title='bbox 943 1721 1007 1762; x_wconf 88' lang='lat' dir='ltr'>sin</span> <span class='ocrx_word' id='word_1_165' title='bbox 1039 1720 1181 1761; x_wconf 86' lang='lat' dir='ltr'>literae</span> <span class='ocrx_word' id='word_1_166' title='bbox 1212 1718 1325 1759; x_wconf 77' lang='lat' dir='ltr'>Beta</span> <span class='ocrx_word' id='word_1_167' title='bbox 1358 1716 1551 1758; x_wconf 87' lang='lat' dir='ltr'>anterior</span> <span class='ocrx_word' id='word_1_168' title='bbox 1581 1721 1735 1756; x_wconf 86' lang='lat' dir='ltr'>vertex</span> <span class='ocrx_word' id='word_1_169' title='bbox 1765 1715 1832 1756; x_wconf 91' lang='lat' dir='ltr'>in-</span> 
     </span>
     <span class='ocr_line' id='line_1_21' title="bbox 355 1784 1648 1844; baseline -0.004 -14"><span class='ocrx_word' id='word_1_170' title='bbox 355 1789 488 1830; x_wconf 89' lang='lat' dir='ltr'>clinat</span> <span class='ocrx_word' id='word_1_171' title='bbox 507 1803 659 1830; x_wconf 88' lang='lat' dir='ltr'>versus</span> <span class='ocrx_word' id='word_1_172' title='bbox 686 1790 991 1844; x_wconf 87' lang='lat' dir='ltr'>posteriorem,</span> <span class='ocrx_word' id='word_1_173' title='bbox 1014 1788 1157 1844; x_wconf 61' lang='lat' dir='ltr'>Alphea</span> <span class='ocrx_word' id='word_1_174' title='bbox 1177 1787 1327 1828; x_wconf 90' lang='lat' dir='ltr'>videre</span> <span class='ocrx_word' id='word_1_175' title='bbox 1347 1786 1428 1827; x_wconf 88' lang='lat' dir='ltr'>tibi</span> <span class='ocrx_word' id='word_1_176' title='bbox 1448 1784 1648 1826; x_wconf 87' lang='lat' dir='ltr'>videaris.</span> 
     </span>
    </p>
   </div>
   <div class='ocr_carea' id='block_1_6' title="bbox 355 1882 1835 2214">
    <p class='ocr_par' dir='ltr' id='par_1_8' title="bbox 414 1882 1528 1940">
     <span class='ocr_line' id='line_1_22' title="bbox 414 1882 1528 1940; baseline -0.004 -15"><span class='ocrx_word' id='word_1_177' title='bbox 414 1890 450 1924; x_wconf 79' lang='lat'>2.</span> <span class='ocrx_word' id='word_1_178' title='bbox 483 1883 594 1924; x_wconf 89' lang='lat' dir='ltr'>Cum</span> <span class='ocrx_word' id='word_1_179' title='bbox 617 1885 780 1940; x_wconf 80' lang='lat' dir='ltr'>Kappa</span> <span class='ocrx_word' id='word_1_180' title='bbox 801 1883 864 1925; x_wconf 90' lang='lat' dir='ltr'>sic</span> <span class='ocrx_word' id='word_1_181' title='bbox 884 1885 1057 1938; x_wconf 85' lang='lat' dir='ltr'>scripto,</span> <span class='ocrx_word' id='word_1_182' title='bbox 1074 1882 1136 1924; x_wconf 90' lang='lat' dir='ltr'>uti</span> <span class='ocrx_word' id='word_1_183' title='bbox 1155 1883 1202 1923; x_wconf 90' lang='lat' dir='ltr'>in</span> <span class='ocrx_word' id='word_1_184' title='bbox 1222 1896 1330 1922; x_wconf 82' lang='lat' dir='ltr'>voce</span> <span class='ocrx_word' id='word_1_185' title='bbox 1351 1882 1528 1935; x_wconf 79' lang='grc' dir='ltr'>Θρᾴκης.</span> 
     </span>
    </p>

    <p class='ocr_par' dir='ltr' id='par_1_9' title="bbox 355 1944 1835 2214">
     <span class='ocr_line' id='line_1_23' title="bbox 412 1944 1834 2009; baseline -0.004 -15"><span class='ocrx_word' id='word_1_186' title='bbox 412 1952 548 1994; x_wconf 91' lang='lat' dir='ltr'>Primi</span> <span class='ocrx_word' id='word_1_187' title='bbox 581 1953 846 2009; x_wconf 88' lang='lat' dir='ltr'>scriptorum</span> <span class='ocrx_word' id='word_1_188' title='bbox 876 1952 1141 1994; x_wconf 89' lang='lat' dir='ltr'>Graecorum</span> <span class='ocrx_word' id='word_1_189' title='bbox 1177 1951 1378 1997; x_wconf 87' lang='lat' dir='ltr'>editores,</span> <span class='ocrx_word' id='word_1_190' title='bbox 1406 1962 1495 1989; x_wconf 91' lang='lat' dir='ltr'>non</span> <span class='ocrx_word' id='word_1_191' title='bbox 1527 1961 1701 2002; x_wconf 89' lang='lat' dir='ltr'>semper</span> <span class='ocrx_word' id='word_1_192' title='bbox 1730 1944 1834 1989; x_wconf 84' lang='lat' dir='ltr'>satis</span> 
     </span>
     <span class='ocr_line' id='line_1_24' title="bbox 355 2016 1833 2078; baseline -0.004 -17"><span class='ocrx_word' id='word_1_193' title='bbox 355 2021 558 2062; x_wconf 85' lang='lat' dir='ltr'>instructi</span> <span class='ocrx_word' id='word_1_194' title='bbox 598 2021 1054 2078; x_wconf 86' lang='lat' dir='ltr'>palaeographicarum</span> <span class='ocrx_word' id='word_1_195' title='bbox 1093 2033 1245 2061; x_wconf 90' lang='lat' dir='ltr'>rerum</span> <span class='ocrx_word' id='word_1_196' title='bbox 1284 2016 1552 2073; x_wconf 84' lang='lat' dir='ltr'>cognitione,</span> <span class='ocrx_word' id='word_1_197' title='bbox 1588 2016 1670 2056; x_wconf 83' lang='lat' dir='ltr'>tali</span> <span class='ocrx_word' id='word_1_198' title='bbox 1703 2016 1833 2057; x_wconf 92' lang='lat' dir='ltr'>modo</span> 
     </span>
     <span class='ocr_line' id='line_1_25' title="bbox 357 2079 1835 2145; baseline -0.003 -16"><span class='ocrx_word' id='word_1_199' title='bbox 357 2089 475 2130; x_wconf 86' lang='lat' dir='ltr'>haud</span> <span class='ocrx_word' id='word_1_200' title='bbox 513 2103 616 2130; x_wconf 86' lang='lat' dir='ltr'>raro</span> <span class='ocrx_word' id='word_1_201' title='bbox 657 2090 766 2145; x_wconf 84' lang='lat' dir='ltr'>lapsi</span> <span class='ocrx_word' id='word_1_202' title='bbox 807 2095 919 2130; x_wconf 89' lang='lat' dir='ltr'>sunt.</span> <span class='ocrx_word' id='word_1_203' title='bbox 1002 2089 1073 2130; x_wconf 91' lang='lat' dir='ltr'>Sic</span> <span class='ocrx_word' id='word_1_204' title='bbox 1113 2088 1252 2129; x_wconf 83' lang='lat' dir='ltr'>Lucas</span> <span class='ocrx_word' id='word_1_205' title='bbox 1292 2085 1546 2127; x_wconf 89' lang='lat' dir='ltr'>Holstenius</span> <span class='ocrx_word' id='word_1_206' title='bbox 1585 2079 1716 2139; x_wconf 83' lang='grc' dir='ltr'>ἄκρον</span> <span class='ocrx_word' id='word_1_207' title='bbox 1754 2079 1835 2139; x_wconf 87' lang='lat' dir='ltr'>pro</span> 
     </span>
     <span class='ocr_line' id='line_1_26' title="bbox 359 2155 634 2214; baseline 0 -16"><span class='ocrx_word' id='word_1_208' title='bbox 359 2155 497 2212; x_wconf 81' lang='grc' dir='ltr'>ἁβρὸν</span> <span class='ocrx_word' id='word_1_209' title='bbox 517 2157 634 2214; x_wconf 83' lang='lat' dir='ltr'>legit.</span> 
     </span>
    </p>
   </div>
   <div class='ocr_carea' id='block_1_7' title="bbox 360 2246 1838 2371">
    <p class='ocr_par' dir='ltr' id='par_1_10' title="bbox 360 2246 1838 2371">
     <span class='ocr_line' id='line_1_27' title="bbox 418 2246 1835 2303; baseline -0.002 -15"><span class='ocrx_word' id='word_1_210' title='bbox 418 2254 454 2288; x_wconf 89' lang='grc'>3.</span> <span class='ocrx_word' id='word_1_211' title='bbox 486 2248 596 2289; x_wconf 89' lang='lat' dir='ltr'>Cum</span> <span class='ocrx_word' id='word_1_212' title='bbox 619 2249 707 2296; x_wconf 79' lang='lat' dir='ltr'>Mu,</span> <span class='ocrx_word' id='word_1_213' title='bbox 738 2263 875 2303; x_wconf 90' lang='lat' dir='ltr'>eoque</span> <span class='ocrx_word' id='word_1_214' title='bbox 912 2248 1183 2290; x_wconf 85' lang='lat' dir='ltr'>antecedenti</span> <span class='ocrx_word' id='word_1_215' title='bbox 1214 2249 1355 2289; x_wconf 87' lang='lat' dir='ltr'>literae</span> <span class='ocrx_word' id='word_1_216' title='bbox 1392 2247 1453 2288; x_wconf 91' lang='lat' dir='ltr'>sic</span> <span class='ocrx_word' id='word_1_217' title='bbox 1487 2246 1758 2293; x_wconf 72' lang='lat' dir='ltr'>adhaerente,</span> <span class='ocrx_word' id='word_1_218' title='bbox 1787 2250 1835 2286; x_wconf 86' lang='lat' dir='ltr'>ut</span> 
     </span>
     <span class='ocr_line' id='line_1_28' title="bbox 360 2313 1838 2371; baseline -0.001 -15"><span class='ocrx_word' id='word_1_219' title='bbox 360 2317 530 2369; x_wconf 89' lang='lat' dir='ltr'>primus</span> <span class='ocrx_word' id='word_1_220' title='bbox 550 2316 686 2371; x_wconf 90' lang='lat' dir='ltr'>ipsius</span> <span class='ocrx_word' id='word_1_221' title='bbox 707 2318 860 2358; x_wconf 87' lang='lat' dir='ltr'>ductus</span> <span class='ocrx_word' id='word_1_222' title='bbox 880 2317 999 2358; x_wconf 90' lang='lat' dir='ltr'>infra</span> <span class='ocrx_word' id='word_1_223' title='bbox 1013 2316 1174 2358; x_wconf 90' lang='lat' dir='ltr'>lineam</span> <span class='ocrx_word' id='word_1_224' title='bbox 1188 2331 1277 2358; x_wconf 89' lang='lat' dir='ltr'>non</span> <span class='ocrx_word' id='word_1_225' title='bbox 1294 2315 1563 2371; x_wconf 86' lang='lat' dir='ltr'>porrigatur.</span> <span class='ocrx_word' id='word_1_226' title='bbox 1618 2313 1838 2368; x_wconf 83' lang='lat' dir='ltr'>Exempla</span> 
     </span>
    </p>
   </div>
   <div class='ocr_carea' id='block_1_8' title="bbox 360 2377 1834 2492">
    <p class='ocr_par' dir='ltr' id='par_1_11' title="bbox 360 2377 1834 2492">
     <span class='ocr_line' id='line_1_29' title="bbox 360 2377 1834 2491; baseline -0.001 -68"><span class='ocrx_word' id='word_1_227' title='bbox 360 2382 487 2491; x_wconf 55' lang='lat' dir='ltr'>lsmjgs</span> <span class='ocrx_word' id='word_1_228' title='bbox 507 2383 585 2424; x_wconf 84' lang='lat' dir='ltr'>Mu</span> <span class='ocrx_word' id='word_1_229' title='bbox 605 2384 710 2425; x_wconf 88' lang='lat' dir='ltr'>dant</span> <span class='ocrx_word' id='word_1_230' title='bbox 730 2399 860 2425; x_wconf 89' lang='lat' dir='ltr'>voces</span> <span class='ocrx_word' id='word_1_231' title='bbox 881 2384 1149 2439; x_wconf 81' lang='grc' dir='ltr'><em>ἀβραμιαῖος,</em></span> <span class='ocrx_word' id='word_1_232' title='bbox 1172 2383 1447 2440; x_wconf 71' lang='grc' dir='ltr'><em>Ὑαμέσσεται,</em></span> <span class='ocrx_word' id='word_1_233' title='bbox 1465 2377 1644 2436; x_wconf 78' lang='grc' dir='ltr'><strong><em>βωμοὺς,</em></strong></span> <span class='ocrx_word' id='word_1_234' title='bbox 1662 2396 1717 2422; x_wconf 88' lang='lat' dir='ltr'>ex</span> <span class='ocrx_word' id='word_1_235' title='bbox 1729 2381 1834 2422; x_wconf 84' lang='lat' dir='ltr'>Cod.</span> 
     </span>
     <span class='ocr_line' id='line_1_30' title="bbox 395 2456 695 2492; baseline 0.003 -1"><span class='ocrx_word' id='word_1_236' title='bbox 395 2481 404 2491; x_wconf 90' lang='lat'><strong>.</strong></span> <span class='ocrx_word' id='word_1_237' title='bbox 471 2464 575 2491; x_wconf 89' lang='lat' dir='ltr'>erm.</span> <span class='ocrx_word' id='word_1_238' title='bbox 601 2456 695 2492; x_wconf 84' lang='lat'><strong>345.</strong></span> 
     </span>
    </p>
   </div>
   <div class='ocr_carea' id='block_1_9' title="bbox 363 2540 1842 2938">
    <p class='ocr_par' dir='ltr' id='par_1_12' title="bbox 363 2540 1842 2938">
     <span class='ocr_line' id='line_1_31' title="bbox 421 2540 1836 2599; baseline -0.002 -17"><span class='ocrx_word' id='word_1_239' title='bbox 421 2546 460 2582; x_wconf 89' lang='grc'>4.</span> <span class='ocrx_word' id='word_1_240' title='bbox 493 2541 605 2583; x_wconf 90' lang='lat' dir='ltr'>Cum</span> <span class='ocrx_word' id='word_1_241' title='bbox 632 2541 800 2598; x_wconf 74' lang='lat' dir='ltr'>Omeya,</span> <span class='ocrx_word' id='word_1_242' title='bbox 822 2549 868 2584; x_wconf 88' lang='lat' dir='ltr'>et</span> <span class='ocrx_word' id='word_1_243' title='bbox 893 2543 1068 2599; x_wconf 88' lang='lat' dir='ltr'>quidem</span> <span class='ocrx_word' id='word_1_244' title='bbox 1090 2550 1195 2590; x_wconf 90' lang='lat' dir='ltr'>tum,</span> <span class='ocrx_word' id='word_1_245' title='bbox 1215 2556 1314 2583; x_wconf 85' lang='lat' dir='ltr'>cum</span> <span class='ocrx_word' id='word_1_246' title='bbox 1336 2541 1446 2582; x_wconf 83' lang='lat' dir='ltr'>Beta</span> <span class='ocrx_word' id='word_1_247' title='bbox 1470 2540 1671 2594; x_wconf 82' lang='lat' dir='ltr'>sequenti</span> <span class='ocrx_word' id='word_1_248' title='bbox 1696 2540 1836 2580; x_wconf 87' lang='lat' dir='ltr'>literae</span> 
     </span>
     <span class='ocr_line' id='line_1_32' title="bbox 363 2607 1839 2666; baseline -0.001 -17"><span class='ocrx_word' id='word_1_249' title='bbox 363 2622 453 2650; x_wconf 91' lang='lat' dir='ltr'>non</span> <span class='ocrx_word' id='word_1_250' title='bbox 477 2609 693 2666; x_wconf 89' lang='lat' dir='ltr'>jungitur,</span> <span class='ocrx_word' id='word_1_251' title='bbox 726 2612 951 2666; x_wconf 88' lang='lat' dir='ltr'>ipsiusque</span> <span class='ocrx_word' id='word_1_252' title='bbox 984 2612 1196 2653; x_wconf 87' lang='lat' dir='ltr'>secundus</span> <span class='ocrx_word' id='word_1_253' title='bbox 1232 2611 1383 2651; x_wconf 91' lang='lat' dir='ltr'>ductus</span> <span class='ocrx_word' id='word_1_254' title='bbox 1416 2608 1671 2650; x_wconf 87' lang='lat' dir='ltr'>uncinulum</span> <span class='ocrx_word' id='word_1_255' title='bbox 1705 2607 1839 2648; x_wconf 84' lang='lat' dir='ltr'>habet</span> 
     </span>
     <span class='ocr_line' id='line_1_33' title="bbox 363 2672 1840 2735; baseline -0.002 -18"><span class='ocrx_word' id='word_1_256' title='bbox 363 2690 537 2718; x_wconf 90' lang='lat' dir='ltr'>sursum</span> <span class='ocrx_word' id='word_1_257' title='bbox 557 2685 819 2732; x_wconf 87' lang='lat' dir='ltr'>porrectum.</span> <span class='ocrx_word' id='word_1_258' title='bbox 868 2678 981 2721; x_wconf 92' lang='lat' dir='ltr'>Vide</span> <span class='ocrx_word' id='word_1_259' title='bbox 998 2679 1154 2735; x_wconf 74' lang='lat' dir='ltr'>Omeya</span> <span class='ocrx_word' id='word_1_260' title='bbox 1173 2680 1218 2720; x_wconf 89' lang='lat' dir='ltr'>in</span> <span class='ocrx_word' id='word_1_261' title='bbox 1240 2673 1419 2731; x_wconf 75' lang='grc' dir='ltr'><em>βωμοὺς,</em></span> <span class='ocrx_word' id='word_1_262' title='bbox 1438 2683 1483 2717; x_wconf 87' lang='lat' dir='ltr'>et</span> <span class='ocrx_word' id='word_1_263' title='bbox 1500 2676 1611 2717; x_wconf 76' lang='lat' dir='ltr'>Beta</span> <span class='ocrx_word' id='word_1_264' title='bbox 1630 2676 1675 2716; x_wconf 91' lang='lat' dir='ltr'>in</span> <span class='ocrx_word' id='word_1_265' title='bbox 1696 2672 1840 2726; x_wconf 81' lang='grc' dir='ltr'>ἀνέβη.</span> 
     </span>
     <span class='ocr_line' id='line_1_34' title="bbox 365 2741 1838 2805; baseline -0.001 -21"><span class='ocrx_word' id='word_1_266' title='bbox 365 2742 554 2787; x_wconf 87' lang='lat' dir='ltr'>Errores</span> <span class='ocrx_word' id='word_1_267' title='bbox 582 2747 627 2788; x_wconf 90' lang='lat' dir='ltr'>in</span> <span class='ocrx_word' id='word_1_268' title='bbox 656 2747 834 2805; x_wconf 80' lang='grc' dir='ltr'><em>ἀμοιῳης</em></span> <span class='ocrx_word' id='word_1_269' title='bbox 857 2753 901 2789; x_wconf 86' lang='lat' dir='ltr'>et</span> <span class='ocrx_word' id='word_1_270' title='bbox 920 2748 966 2788; x_wconf 93' lang='lat' dir='ltr'>in</span> <span class='ocrx_word' id='word_1_271' title='bbox 987 2747 1031 2789; x_wconf 83' lang='grc' dir='ltr'>ἐν</span> <span class='ocrx_word' id='word_1_272' title='bbox 1047 2746 1131 2803; x_wconf 87' lang='lat' dir='ltr'>(ex.</span> <span class='ocrx_word' id='word_1_273' title='bbox 1148 2744 1194 2801; x_wconf 87' lang='lat'>6)</span> <span class='ocrx_word' id='word_1_274' title='bbox 1213 2745 1299 2793; x_wconf 81' lang='grc' dir='ltr'><em>τοῖς</em></span> <span class='ocrx_word' id='word_1_275' title='bbox 1318 2743 1403 2801; x_wconf 84' lang='lat' dir='ltr'>(ex.</span> <span class='ocrx_word' id='word_1_276' title='bbox 1420 2742 1464 2798; x_wconf 88' lang='lat'>3)</span> <span class='ocrx_word' id='word_1_277' title='bbox 1484 2741 1579 2785; x_wconf 61' lang='lat' dir='ltr'>‹br-7·</span> <span class='ocrx_word' id='word_1_278' title='bbox 1604 2743 1706 2783; x_wconf 89' lang='lat' dir='ltr'>inde</span> <span class='ocrx_word' id='word_1_279' title='bbox 1741 2742 1838 2787; x_wconf 83' lang='lat' dir='ltr'>orti,</span> 
     </span>
     <span class='ocr_line' id='line_1_35' title="bbox 365 2807 1840 2871; baseline -0.002 -19"><span class='ocrx_word' id='word_1_280' title='bbox 365 2812 483 2866; x_wconf 91' lang='lat' dir='ltr'>quod</span> <span class='ocrx_word' id='word_1_281' title='bbox 502 2813 547 2854; x_wconf 92' lang='lat' dir='ltr'>in</span> <span class='ocrx_word' id='word_1_282' title='bbox 567 2815 691 2863; x_wconf 86' lang='lat' dir='ltr'>libro,</span> <span class='ocrx_word' id='word_1_283' title='bbox 713 2816 827 2856; x_wconf 89' lang='lat' dir='ltr'>unde</span> <span class='ocrx_word' id='word_1_284' title='bbox 849 2815 1140 2871; x_wconf 82' lang='lat' dir='ltr'>transcriptus</span> <span class='ocrx_word' id='word_1_285' title='bbox 1161 2821 1234 2860; x_wconf 86' lang='lat' dir='ltr'>est,</span> <span class='ocrx_word' id='word_1_286' title='bbox 1258 2813 1363 2855; x_wconf 92' lang='lat' dir='ltr'>Cod.</span> <span class='ocrx_word' id='word_1_287' title='bbox 1379 2812 1420 2853; x_wconf 92' lang='lat' dir='ltr'>S.</span> <span class='ocrx_word' id='word_1_288' title='bbox 1439 2811 1588 2853; x_wconf 90' lang='lat' dir='ltr'>Germ.</span> <span class='ocrx_word' id='word_1_289' title='bbox 1613 2816 1708 2856; x_wconf 87' lang='grc'><strong>345,</strong></span> <span class='ocrx_word' id='word_1_290' title='bbox 1730 2807 1840 2850; x_wconf 74' lang='lat' dir='ltr'>Beta</span> 
     </span>
     <span class='ocr_line' id='line_1_36' title="bbox 367 2874 1842 2938; baseline -0.001 -20"><span class='ocrx_word' id='word_1_291' title='bbox 367 2886 479 2920; x_wconf 85' lang='lat' dir='ltr'>esset</span> <span class='ocrx_word' id='word_1_292' title='bbox 499 2883 613 2934; x_wconf 90' lang='lat' dir='ltr'>quod</span> <span class='ocrx_word' id='word_1_293' title='bbox 632 2883 815 2924; x_wconf 84' lang='lat' dir='ltr'>librario</span> <span class='ocrx_word' id='word_1_294' title='bbox 837 2884 1064 2925; x_wconf 87' lang='lat' dir='ltr'>videretur</span> <span class='ocrx_word' id='word_1_295' title='bbox 1081 2883 1265 2938; x_wconf 74' lang='lat' dir='ltr'>Omeya:</span> <span class='ocrx_word' id='word_1_296' title='bbox 1297 2896 1423 2923; x_wconf 89' lang='lat' dir='ltr'>error</span> <span class='ocrx_word' id='word_1_297' title='bbox 1439 2883 1484 2922; x_wconf 87' lang='lat' dir='ltr'>in</span> <span class='ocrx_word' id='word_1_298' title='bbox 1507 2876 1577 2922; x_wconf 82' lang='grc' dir='ltr'>διὰ</span> <span class='ocrx_word' id='word_1_299' title='bbox 1596 2895 1670 2920; x_wconf 90' lang='grc' dir='ltr'>του</span> <span class='ocrx_word' id='word_1_300' title='bbox 1690 2874 1722 2932; x_wconf 64' lang='grc' dir='ltr'><em>Β</em></span> <span class='ocrx_word' id='word_1_301' title='bbox 1740 2876 1842 2918; x_wconf 90' lang='lat' dir='ltr'>hinc</span> 
     </span>
    </p>
   </div>
  </div>
 </body>
</html>
