1976 3288
355 250 411 291 50
877 262 1143 290 mrmmnum
1162 262 1309 291 vocum.

354 360 521 401 hendas
541 360 588 400 in
607 357 710 401 nota
723 355 1069 413 tachygraphica
1084 356 1212 398 verbi
1229 355 1356 400 εἷσίνε
1387 370 1492 398 113111
1512 358 1550 398 si
1568 370 1650 412 pro
1671 355 1831 399 lineola

355 428 516 483 duplici
537 433 651 469 esset
671 427 866 482 simplex,
887 433 994 468 nota
1010 426 1088 467 illa
1106 426 1275 466 valeret
1293 439 1375 480 pro
1395 425 1612 482 singulari
1630 421 1755 467 ἐστίν.

412 494 598 550 Κλίμαξ,
617 493 1128 550 κλίμακος-6031111733
1149 494 1384 548 caeterique
1405 508 1528 536 casus
1542 494 1670 550 hujus
1689 493 1832 535 nomi-

354 566 422 607 nis
443 565 754 620 compendiose
770 564 1025 606 scribuntur
1042 562 1117 610 sic,
1130 568 1190 608 ut,
1206 561 1439 618 suppressa
1459 559 1631 618 syllaba
1651 561 1783 610 finali,
1804 563 1834 603 ἆ

355 640 546 688 ponatur
566 647 697 689 super
716 635 759 687 Γι.
819 632 945 673 Τι1110
976 630 1183 672 articulus
1214 633 1478 673 antecedens
1498 638 1574 672 aut
1592 633 1833 674 verborum

357 706 593 742 contextus
627 715 799 756 quoque
838 700 936 741 loco
972 700 1109 747 docet,
1143 700 1219 754 qui
1255 714 1379 741 casus
1411 713 1438 741 a
1470 700 1687 754 scriptore
1721 699 1834 754 posi·

356 774 427 810 tus
448 768 518 811 sit.

413 835 732 885 Κόλασις.-·Πῐ
762 836 1042 879 substantiva
1071 836 1117 877 in
1143 833 1209 884 σ’-ΐς
1236 836 1483 877 desinentia
1513 850 1594 891 per
1625 849 1832 890 compen-

356 904 479 945 dium
517 905 785 953 scribantur,
817 905 988 959 syllaba
1026 904 1167 945 finalis
1198 904 1264 952 071}
1295 903 1519 951 omittitur,
1552 903 1834 958 superscribi-

359 978 515 1025 turque
550 972 814 1013 antecedens
845 971 1019 1013 vocalis.
1080 972 1192 1015 Vide
1220 985 1351 1013 voces
1381 968 1445 1013 ἐπὶ
1476 970 1564 1027 (ex.
1585 969 1628 1026 l)
1654 969 1834 1013 κόλασιν

356 1045 399 1080 et
418 1040 475 1088 εἰς
495 1038 762 1093 συμβίβασιν
781 1053 805 1080 e
826 1040 932 1080 Cod.
956 1039 998 1080 S.
1021 1039 1175 1082 Germ.
1200 1046 1294 1081 345.

413 1107 610 1149 Tertium
638 1107 890 1162 exemplum
917 1122 973 1148 ex
1003 1108 1159 1149 eodem
1187 1113 1412 1163 sumptum
1433 1108 1581 1148 codice
1601 1105 1832 1163 significat,

355 1189 445 1217 non
465 1173 529 1218 ἐπὶ
552 1174 767 1230 κολακείᾳ,
785 1176 864 1217 sed
883 1173 947 1218 ἐπὶ
968 1174 1054 1232 (ex.
1073 1174 1119 1232 4)
1139 1175 1401 1223 κολάκευσιν,
1419 1177 1457 1217 si
1477 1176 1608 1217 modo
1627 1175 1834 1217 librarius

354 1259 443 1286 non
482 1245 661 1291 erravit,
684 1258 786 1286 cum
824 1245 1003 1285 literam
1035 1245 1065 1286 ἆ
1097 1251 1283 1286 accentu
1318 1251 1445 1286 acuto
1480 1243 1731 1285 instrueret.
1792 1258 1832 1284 v.

357 1314 558 1368 Append.
574 1328 616 1368 p.
634 1318 700 1354 21.
761 1311 1137 1355 Montefalconius
1163 1314 1274 1355 falso
1295 1313 1407 1369 legit
1432 1309 1722 1365 ἀποστόμασις
1750 1325 1833 1365 pro

355 1377 438 1422 ἀπὸ
462 1379 550 1436 (ex.
566 1379 613 1436 8)
636 1380 856 1435 στόματος.
908 1395 949 1422 v.
967 1380 1166 1437 Append.
1183 1397 1225 1437 p.
1239 1387 1257 1422 l
1269 1389 1302 1423 7.
1357 1383 1523 1438 Σχῆμα,
1541 1380 1666 1435 ῥῆμα,
1685 1379 1833 1436 χρῆμα

355 1454 433 1489 etc.
458 1449 764 1503 compendiose
788 1450 921 1491 scribi
947 1455 1132 1504 possunt
1157 1449 1229 1495 sic,
1251 1455 1300 1490 ut
1327 1450 1498 1504 syllaba
1519 1449 1581 1503 ᾗ
1604 1449 1835 1489 omittatur

355 1523 401 1558 et
440 1518 572 1558 litera
609 1521 632 1568 ἢ
666 1518 1034 1571 superscribatur.
1102 1518 1200 1560 Vid.
1240 1516 1301 1559 τῶ
1338 1516 1425 1574 (ex.
1447 1516 1493 1574 5)
1531 1512 1643 1559 κατὰ
1681 1514 1770 1572 (ex.
1790 1514 1837 1572 9)

354 1583 612 1639 παράληψιν
662 1581 849 1643 σχήματι
889 1600 914 1627 e
956 1586 1060 1627 Cod.
1102 1585 1143 1626 S.
1185 1585 1335 1628 Germ.
1377 1591 1484 1632 249„
1524 1585 1635 1641 ῥῆμα
1675 1586 1758 1639 (ex.
1777 1581 1832 1639 l),

357 1648 576 1710 χρήματος
597 1668 621 1694 e
641 1652 748 1695 Cod.
771 1655 957 1696 Sorbon.

425 1720 749 1778 Ἐπαφρόδιτος,
778 1721 1040 1777 ὑπομνήματι
1075 1737 1130 1765 ex
1157 1722 1346 1779 Etymol.
1374 1722 1498 1764 Sorb.
1526 1727 1571 1763 et
1596 1722 1835 1777 ἀπομνημο-

356 1788 556 1844 νεύμασιν
576 1804 601 1831 0
621 1790 727 1831 Cod.
751 1789 792 1831 S.
815 1791 970 1833 Germ.
996 1797 1090 1833 345.

404 1856 850 1912 ‘Kopfigm—Quando
880 1860 1064 1900 nomina
1089 1860 1135 1900 in
1165 1852 1221 1911 ξᾶ
1249 1859 1458 1900 exeuntia
1476 1872 1557 1913 per
1578 1858 1838 1914 compendia

356 1925 618 1974 scribuntur,
649 1926 822 1981 syllaba
855 1920 919 1977 ζα
941 1926 1171 1974 omittitur,
1203 1927 1628 1981 superscribiturque
1660 1932 1837 1968 antece-

357 1996 463 2037 dens
487 1995 668 2037 vocalis.
729 1995 842 2038 Vide
863 2009 1020 2037 vocem
1047 1994 1316 2051 ἀργυρόπεζα
1337 2010 1360 2036 e
1381 1994 1486 2036 Cod.
1502 1994 1614 2038 Ven.
1636 1995 1766 2037 Hom.
1781 1995 1834 2037 A.

358 2061 408 2102 In
440 2062 596 2103 Timaei
625 2061 728 2102 Lex.
751 2061 927 2103 Platon.
998 2061 1155 2104 Scriba
1186 2062 1227 2103 S.
1260 2061 1410 2103 Germ.
1442 2076 1681 2118 perperam
1715 2064 1836 2106 dedit

359 2128 459 2184 κόρυ
489 2144 568 2184 pro
602 2127 675 2185 κόβ
706 2127 841 2185 (linea
866 2135 1117 2171 transverse
1139 2128 1267 2172 ducta
1295 2145 1376 2185 per
1397 2132 1581 2173 caudam
1609 2132 1748 2173 literae
1777 2129 1835 2187 β),

357 2198 434 2238 i.e.
459 2194 626 2250 κόρυζα.
688 2194 801 2237 Vide
823 2194 1020 2250 Append.
1042 2211 1082 2251 p.
1099 2202 1164 2237 23.
1482 2215 1485 2218 ·

417 2264 714 2320 Λέγω.-Ηο0
739 2267 926 2307 verbum
949 2265 1151 2307 omnibus
1179 2264 1225 2306 in
1249 2266 1388 2307 modis
1418 2267 1718 2321 personisque,
1740 2280 1838 2322 quae

357 2333 572 2387 incipiunt
598 2347 624 2374 a
650 2329 733 2388 ἷκε-’γ
765 2339 841 2374 aut
873 2329 934 2381 ἦ,
955 2334 1262 2388 compendiose
1293 2335 1358 2375 ita
1386 2335 1603 2384 scribitur,
1623 2342 1671 2377 ut
1690 2343 1836 2378 osten-

359 2401 467 2442 dunt
500 2415 669 2455 exemp.
695 2407 718 2442 2
751 2408 795 2442 et
825 2409 862 2449 3,
885 2417 909 2443 e
932 2401 1037 2443 Cod.
1059 2402 1103 2444 S.
1125 2401 1274 2444 Germ.
1295 2408 1389 2444 345.
1450 2404 1625 2446 Finales
1657 2405 1838 2461 syllabae

359 2470 486 2510 verbi
516 2476 607 2510 tam
633 2470 871 2524 frequentis
902 2471 947 2511 in
970 2469 1379 2512 Grammaticorum
1408 2471 1838 2528 Scholiastarumque

359 2538 535 2593 scriptis
557 2539 775 2592 quomodo
796 2539 1021 2593 explendae
1051 2538 1150 2585 sint,
1171 2539 1341 2593 saepius,
1363 2540 1439 2580 ubi
1469 2540 1677 2582 orationis
1705 2542 1840 2583 series

359 2620 456 2647 rem
487 2607 705 2647 incertam
738 2606 857 2654 facit,
893 2607 1135 2660 plurimum
1171 2607 1385 2663 ambigas.
1446 2607 1779 2649 Substantivum
1814 2607 1840 2662 ἡ

360 2673 475 2727 λέξις
494 2674 599 2714 item
620 2675 713 2715 solo
736 2674 940 2722 Lambda,
963 2675 1033 2715 cui
1054 2675 1075 2716 ἕ
1091 2675 1436 2729 superscriptum
1456 2681 1532 2722 est,
1555 2675 1839 2732 significatur.

361 2740 474 2782 Vide
496 2755 591 2795 quae
612 2740 702 2782 dixi
721 2742 767 2782 in
789 2756 880 2782 voc.
903 2737 1047 2797 *γενικὴ
1067 2749 1111 2784 et
1129 2741 1258 2796 λέξις.

419 2808 550 2855 Λέων,
574 2808 1053 2858 λέοντος.-6011111ν113
1086 2812 1212 2866 hujus
1232 2811 1351 2853 vocis
1369 2812 1577 2854 scribitur
1606 2812 1689 2853 hoc
1718 2826 1837 2853 com-

360 2875 530 2929 pendio,
552 2873 664 2919 λέοὗ.
725 2876 881 2919 Μο11111
900 2879 946 2919 111
962 2877 1096 2933 Epist.
1118 2892 1161 2933 p.
1180 2883 1277 2927 216,
1294 2879 1486 2922 scribam
1499 2879 1604 2920 Cod.
1619 2879 1722 2922 Vat.
1742 2885 1836 2921 305.

1943 2407 1958 2584 aza-uem..
1950 2367 1961 2372 ;
1955 2327 1957 2333 Δ
1955 2295 1957 2298 .

1938 2854 1942 2862 Γ
1956 2786 1959 2791 .
1942 2614 1957 2766 nvem-..n-
1951 2594 1958 2598 2
