1976 3288
646 211 910 241 armannum
939 210 1088 237 vocum.
1557 195 1610 238 47

136 321 291 354 m
307 307 397 351 loci
413 321 575 363 parum
593 307 721 350 docet
744 309 771 349 ὀ·
793 319 876 362 pro
902 308 932 360 ᾗ
955 319 1135 360 ponere.

190 372 398 431 Ἰωάννης.
409 373 581 416 —Vide
610 376 800 417 verbum
826 375 914 415 tab.
930 388 970 414 x.
989 387 1016 414 e
1036 372 1142 414 Cod.
1164 371 1301 414 Paris.
1320 378 1447 415 3047.
1506 371 1606 429 Sig-

135 457 245 493 num
261 457 393 498 super
410 437 447 484 ὅ
466 456 558 484 non
576 448 641 484 est
663 440 980 489 circumflexus,
998 440 1076 482 sed
1094 439 1266 488 lineola,
1287 434 1475 496 γραμμὴ.
1535 439 1608 481 In-

135 512 315 561 mdnm
351 517 504 555 tamen
540 511 653 553 hanc
683 504 882 566 γραμμὴν
916 510 1164 551 habuerunt
1195 522 1276 563 pro
1312 508 1609 559 circumflexo,

134 579 320 635 ideoque
338 592 575 634 perperam
592 578 801 633 legerunt
822 575 1131 631 compendium
1150 576 1339 617 nominis
1357 574 1567 627 Ἰωάννης.

193 644 623 701 Rani—compendia
641 650 686 687 et
713 645 842 702 signa
869 645 997 699 hujus
1025 644 1248 700 particulae
1278 657 1489 700 magnam
1509 658 1610 698 par-

137 721 230 759 tem
253 713 350 771 jam
381 719 490 756 nota
521 718 622 754 sunt
654 726 680 753 e
714 710 875 753 tabulis
913 710 1285 766 palaeographicis.
1366 708 1419 750 In
1450 709 1611 750 unciali

139 779 359 838 scriptur&
377 781 637 836 plerumque
657 779 789 821 modo
809 778 983 833 syllaba
1001 775 1045 820 ἆ
1065 778 1372 834 compendiose
1403 778 1609 835 pingitur.

138 850 254 894 Vide
271 849 475 904 exempla
498 854 617 900 lzet
640 852 705 888 20.
765 846 1093 900 Nonnunquam
1121 860 1204 901 pro
1235 846 1413 886 hamulo
1442 845 1609 901 signifi-

139 925 269 965 cante
285 918 503 974 syllabam
519 917 565 959 ἷι
584 914 799 974 (Gregor.
819 930 859 970 p.
878 914 954 968 82)
969 916 1192 969 reperitur
1222 914 1386 955 lineola
1407 927 1612 968 compen-

141 987 264 1036 dium
280 985 481 1028 indicans
501 986 673 1027 aliusve
687 984 883 1039 ejusdem
900 982 1234 1039 significationis
1254 983 1421 1029 ductus,
1436 982 1611 1037 qualem

142 1054 390 1101 ostendunt,
418 1067 485 1095 ex.
503 1059 541 1095 9.
561 1059 605 1094 et
629 1058 692 1094 10.
713 1065 738 1093 e
759 1051 854 1093 cod.
876 1056 1002 1092 1807.
1062 1047 1148 1092 Καὶ
1175 1051 1238 1092 ita
1263 1051 1432 1104 pictum
1454 1049 1614 1105 passim

142 1121 432 1164 confuderunt
456 1135 556 1163 cum
585 1120 900 1176 praepositione
929 1119 988 1165 ἐκ,
1022 1119 1195 1173 quando
1228 1119 1431 1159 hamulus
1457 1118 1611 1159 valens

141 1201 225 1244 pro
253 1187 423 1244 syllaba
453 1190 509 1237 ἆῖ,
534 1190 580 1230 id
606 1189 723 1243 quod
751 1188 869 1229 haud
894 1201 1000 1228 raro
1035 1186 1095 1232 fit,
1126 1179 1437 1227 ininutissimus
1475 1186 1614 1227 factus

143 1262 268 1303 met,
288 1256 484 1310 adeoque
502 1257 551 1298 in
571 1257 720 1298 oculos
739 1255 814 1296 vix
833 1261 878 1296 et
902 1269 958 1296 ne
976 1253 1051 1295 vix
1081 1253 1258 1308 quidem
1286 1252 1547 1300 incurreret,
1567 1260 1614 1295 et

142 1330 347 1367 accentus
367 1324 591 1379 particulae
611 1323 817 1378 proprius
837 1324 1027 1378 primam
1045 1323 1208 1364 lineam
1236 1322 1378 1362 literae
1399 1320 1424 1363 i
1445 1322 1613 1362 contin-

145 1398 276 1448 geret
291 1391 475 1447 ideoque
494 1405 576 1446 pro
595 1389 701 1434 nota
718 1389 1064 1448 tachygraphica
1082 1391 1222 1432 literae
1242 1392 1263 1431 ἓ
1281 1389 1435 1431 haberi
1454 1397 1613 1444 posset.

144 1458 257 1501 Vide
275 1472 412 1515 supra
432 1460 622 1516 Epsilon,
643 1466 688 1500 et
707 1461 796 1500 tab.
817 1474 856 1500 x.

201 1525 344 1575 Porro
365 1528 403 1569 si
422 1528 582 1583 Kappa
604 1528 670 1568 ita
685 1527 892 1568 scribitur
911 1533 961 1568 ut
978 1526 1024 1568 in
1044 1524 1309 1578 Κτησύλλης,
1330 1524 1434 1566 nota
1459 1526 1614 1580 tachy-

145 1593 359 1652 graphica
377 1596 606 1650 particulae
625 1593 695 1637 καὶ
718 1601 903 1649 propter
923 1608 1135 1652 magnam
1153 1593 1255 1635 talis
1276 1594 1438 1649 Kappa
1457 1593 1615 1634 literae-

68 1707 73 1710 ,
147 1674 232 1716 que
263 1661 351 1704 Eta
381 1662 721 1708 similitudinem,
754 1661 893 1703 refert
923 1661 1127 1702 voculam
1157 1652 1207 1712 ἦε
1243 1660 1359 1701 unde
1388 1666 1489 1701 orta
1521 1666 1616 1700 tam

147 1727 355 1783 frequens
369 1729 564 1770 confusio
579 1729 737 1770 harum
751 1729 1083 1784 particularum.
1134 1726 1245 1768 Vide
1255 1725 1446 1782 Gregor.
1467 1741 1507 1780 p.
1521 1730 1615 1767 410.

148 1793 284 1842 Quod
301 1796 343 1838 si
361 1796 499 1838 lector
518 1797 599 1838 has
616 1810 748 1838 voces
774 1796 1108 1851 comparaverit.
1128 1794 1256 1835 facile
1284 1794 1516 1849 intelliget,
1535 1785 1560 1845 ἢ
1590 1806 1617 1834 a

148 1861 363 1917 particula
382 1861 453 1905 καὶ
472 1864 791 1918 propemodum
811 1864 907 1904 solo
927 1864 1088 1918 spiritu
1107 1861 1303 1918 dignosci
1322 1873 1465 1915 posse.

205 1929 482 1972 Peculiarem
500 1937 651 1972 notam
670 1930 837 1972 voculae
859 1927 941 1975 καὶ,
964 1944 1073 1983 quae,
1090 1929 1127 1969 si
1145 1929 1320 1983 spiritus
1340 1926 1617 1982 negligatur,

149 2004 246 2040 tam
258 1997 385 2040 facile
401 2012 502 2040 cum
516 1991 572 2046 ὣς
585 1998 794 2040 confimdi
812 2003 962 2052 potest,
979 1997 1216 2038 ostendunt
1232 1995 1432 2049 exempla
1447 2001 1472 2035 6
1489 2000 1533 2035 et
1552 1999 1618 2036 13.

207 2066 332 2109 Conf.
351 2081 481 2108 voces
501 2066 556 2114 ὡς
581 2064 662 2113 καὶ,
684 2061 731 2108 δὲ
757 2063 840 2112 καὶ,
862 2061 1027 2121 ἀγαθὸς
1054 2062 1124 2106 καὶ
1154 2061 1320 2116 βοηθὸς,
1343 2062 1526 2112 Φωκίδος
1547 2061 1617 2104 καὶ

151 2132 347 2191 Δελφόν,
367 2132 560 2189 ἀπρεπῶς
580 2131 663 2180 καὶ,
684 2131 859 2175 δύναται
878 2133 966 2188 (ex.
986 2131 1033 2187 2)
1056 2130 1144 2187 γὰρ
1165 2129 1235 2173 καὶ
1254 2130 1341 2187 (ex.
1364 2135 1447 2183 14),
1467 2146 1491 2173 e
1511 2131 1618 2173 Cod.

150 2201 264 2245 ven.
282 2201 463 2244 Homer.
524 2200 574 2242 In
594 2207 816 2256 postremo
836 2201 935 2241 loco
953 2200 1138 2241 inferior
1161 2200 1316 2240 ductus
1342 2200 1471 2254 hujus
1501 2207 1618 2241 notae

150 2270 266 2312 forte
292 2268 468 2311 fortunii
498 2283 597 2310 cum
627 2269 853 2323 superiore
886 2268 946 2309 sic
978 2281 1202 2309 connexus
1237 2272 1316 2313 est,
1344 2274 1392 2308 ut
1417 2267 1439 2308 ὁ
1471 2267 1618 2307 videre

150 2338 234 2380 tibi
250 2338 454 2380 videaris.

211 2405 350 2449 Notas
374 2406 601 2462 particulae
620 2403 689 2447 καὶ
710 2406 757 2446 in
775 2403 1087 2446 recentissimis
1122 2404 1343 2446 codicibus
1377 2402 1530 2444 obvias
1558 2403 1621 2444 vi-

153 2474 276 2517 debis
296 2475 344 2516 in
360 2489 427 2516 ex.
448 2481 483 2516 2.
500 2481 537 2515 3.
555 2480 593 2515 4.
611 2481 646 2515 5.
697 2472 880 2520 Quartae
902 2479 946 2513 et
967 2472 1129 2526 quintae
1151 2477 1337 2526 sumptae
1358 2477 1461 2512 sunt
1475 2485 1500 2511 e
1515 2470 1618 2511 cod.

154 2542 291 2585 Paris.
308 2548 444 2591 24233
474 2542 621 2596 ibique
652 2542 860 2597 leguntur
890 2539 937 2580 in
968 2538 1176 2580 extremis
1206 2539 1348 2586 lineis,
1368 2539 1445 2579 ubi
1475 2538 1619 2592 hujus-

153 2609 272 2653 modi
291 2610 443 2651 ductus
463 2609 655 2665 grandes
673 2610 775 2650 satis
794 2609 1046 2662 frequenter
1065 2612 1318 2648 occurrunt.

213 2675 677 2730 naamam—Suspicor
699 2674 759 2730 (v.
780 2675 915 2729 Epist.
939 2688 979 2727 p.
995 2670 1108 2726 159.)
1134 2686 1264 2713 voces
1294 2669 1485 2727 Μητίχου
1515 2675 1619 2712 καλ-

155 2744 236 2799 λίῳ
272 2745 319 2786 in
356 2745 509 2798 phrasi
546 2743 590 2784 ἐν
630 2740 823 2799 Μητίχου
868 2738 1035 2793 καλλίῳ
1072 2738 1157 2781 τῶν
1203 2735 1443 2792 ἀλλοτρίων
1484 2733 1620 2779 ἕνεκεν

155 2812 427 2869 (Aleiphron.
452 2812 512 2854 iii.
534 2809 623 2862 29),
652 2811 714 2853 sic
745 2809 932 2863 scriptas
962 2808 1109 2856 fuisse,
1137 2813 1184 2848 ut
1214 2806 1452 2847 ostendunt
1475 2806 1565 2846 tab.
1582 2819 1620 2845 x.
