1976 3288
0 892 9 975 ——w
0 668 19 884 -u—q—lv-u--v
0 635 5 657 -
0 400 13 624 -'··T···‘⁷“*⁴¹··*
0 332 8 389 «r-

642 222 907 261 mesanum
927 234 1074 262 vocum,
1538 224 1596 266 33

130 329 237 372 dum
266 326 456 385 omissus
490 335 578 371 est:
622 328 696 383 qui
726 329 803 370 ubi
832 330 878 370 in
905 329 1139 385 hujusmodi
1165 331 1433 387 compendiis
1466 332 1596 380 deest,

128 395 463 454 haudquaquam
481 398 581 439 ideo
602 396 888 453 cogitandum
907 399 962 440 de
982 398 1102 440 vocis
1122 398 1380 455 corruptela.

180 465 446 520 ‘Priusquam
474 466 674 522 singulas
698 480 827 508 voces
852 480 1114 521 percensere
1144 469 1398 523 aggredior,
1418 470 1472 510 de
1492 482 1596 523 qua·

127 545 231 577 run
245 533 515 589 compendiis
535 535 583 575 in
602 534 741 589 Epist.
755 535 858 576 Crit.
878 541 923 576 et
940 536 988 576 in
1007 536 1125 576 notis
1144 536 1200 576 ad
1219 535 1412 593 Gregor.
1434 537 1595 579 dictum

126 606 205 648 eu,
232 600 528 644 necessarium
558 608 676 657 puto,
697 616 752 643 ne
773 602 870 656 quis
890 602 936 643 in
954 602 1096 644 literis
1120 604 1432 659 superscriptis
1458 611 1594 651 erret,

126 667 176 710 'm
195 673 474 710 antecessum
495 668 828 725 generatimque
847 683 1041 716 monere,
1062 670 1238 712 literam
1257 670 1597 726 superscriptam

126 736 498 791 pronuntiandam
519 749 615 777 esse
636 740 735 791 post
762 750 872 783 eam,
894 751 989 791 quae
1019 737 1137 779 infra
1164 739 1326 793 scripta
1347 739 1393 779 in
1416 736 1596 792 ipsaque

125 799 245 844 Une&
261 802 405 858 posita
423 809 502 845 est.
561 803 608 844 E.
624 818 661 846 c.
682 799 714 845 ὅ
737 804 972 860 significat,
993 819 1083 846 non
1110 806 1175 854 (ῖς,
1198 806 1275 847 sed
1298 806 1384 846 ἴῶε
1425 800 1451 847 1⁸<
1475 805 1596 846 valet

116 868 197 918 Ῑα,
217 883 307 913 non
325 870 394 917 ἆ-κ,
410 876 493 912 etc.
554 871 695 927 Hujus
715 872 885 928 regulae
904 879 1005 914 sunt
1023 874 1201 927 aliquot,
1216 874 1291 915 sed
1306 887 1423 915 rarae
1443 886 1598 927 excep-

125 937 281 985 tiones,
301 937 378 979 ubi
402 938 544 979 literae
572 939 796 980 contrario
820 938 974 980 ordine
997 941 1334 995 pronuntiandae
1361 947 1476 986 sunt,
1497 954 1534 982 e.
1556 954 1593 981 c.

125 1006 175 1048 in
210 1001 263 1048 τὸ
296 1005 383 1062 (ex.
403 1003 450 1060 2)
485 1012 529 1047 et
566 1005 702 1048 τοῦτο.
780 1005 893 1048 Satis
930 1013 1083 1048 tamen
1122 1008 1373 1063 frequenter
1415 1006 1594 1051 librarii.

127 1074 304 1128 quando
344 1081 527 1128 utraque
569 1074 747 1129 legendi
789 1075 902 1115 ratio
941 1075 998 1115 ad
1038 1074 1197 1129 aliquid
1246 1076 1439 1121 duceret,
1481 1074 1595 1129 quod

126 1139 336 1184 Graecum
354 1148 478 1188 esset,
499 1156 578 1197 per
604 1142 850 1183 socordiam
874 1141 920 1182 in
948 1156 1164 1184 canonem
1193 1144 1315 1184 illum
1344 1149 1593 1197 peccarunt.

127 1208 236 1251 Inde
264 1215 363 1252 orta
390 1216 457 1252 est
482 1223 519 1251 e.
537 1224 574 1251 c.
598 1209 795 1251 confusio
824 1223 983 1251 vocum
1012 1205 1104 1264 ἅμα
1134 1217 1180 1251 et
1208 1209 1331 1263 μάλα
1358 1223 1392 1250 s.
1412 1208 1592 1262 μᾶλλον.

129 1274 182 1319 In
206 1276 356 1332 priore
374 1291 483 1319 voce
513 1278 545 1318 ἆ
569 1277 615 1318 in
644 1275 740 1332 ipsa
768 1275 885 1318 linea
915 1277 1104 1332 positum
1127 1286 1172 1319 et
1195 1280 1228 1331 ᾗ
1252 1279 1594 1333 superscriptum

127 1350 218 1388 est:
246 1345 324 1389 sed
340 1346 389 1387 in
408 1345 648 1400 posteriore
668 1344 937 1387 contrarium
953 1346 1134 1394 obtinet,
1153 1344 1186 1399 ᾗ
1204 1346 1250 1387 in
1268 1344 1397 1393 linea,
1411 1347 1448 1386 ἆ
1461 1359 1597 1400 supra

126 1426 228 1457 eam
244 1413 395 1469 posito.

185 1480 298 1523 Vide
328 1479 394 1523 ἐπὶ
412 1480 499 1538 (ex.
514 1482 557 1534 2)
585 1480 708 1528 τέλει,
730 1489 774 1524 et
803 1480 899 1536 περί
917 1481 1007 1538 (ex.
1027 1480 1070 1535 1)
1102 1499 1148 1524 τε
1178 1481 1401 1530 πολιτείας,
1435 1496 1460 1523 e
1488 1481 1593 1523 Cod.

123 1547 292 1591 Platon.
318 1554 439 1591 1807.
501 1548 608 1591 Item
638 1546 722 1591 ἀπὸ
746 1536 820 1602 (ἆ)
844 1557 889 1591 et
913 1546 1033 1605 παρὰ
1052 1538 1140 1603 (ἧ).
1202 1550 1314 1591 Vide
1335 1547 1420 1592 ἀπὸ
1441 1549 1530 1606 (ex.
1546 1548 1594 1600 3)

122 1614 284 1666 τέλους,
316 1623 361 1659 et
391 1614 510 1671 παρὰ
528 1617 615 1673 (ex.
629 1615 675 1672 4)
703 1613 753 1658 τὸ
771 1617 858 1673 (ex.
879 1618 921 1671 3)
952 1617 1067 1672 δρᾷν,
1100 1633 1154 1659 ex
1184 1618 1372 1673 Etymol.
1407 1617 1592 1658 Sorbon.

124 1681 235 1726 Item
272 1682 335 1726 ὅτι
374 1691 420 1726 et
456 1680 517 1729 τὸ,
557 1683 748 1725 maxime
789 1685 835 1725 in
877 1685 1040 1726 unciali
1087 1683 1313 1739 scriptura.
1397 1682 1594 1724 Indidem

124 1750 318 1805 petenda
334 1749 451 1792 ratio
471 1750 736 1791 confusionis
755 1750 983 1792 nominum
1004 1749 1135 1805 ὄνομα
1155 1758 1199 1792 et
1219 1751 1362 1804 νόημα.

183 1817 296 1860 Vide
316 1816 430 1871 ἡμεῖς
444 1813 491 1860 δὲ
503 1817 590 1873 (ex.
608 1815 652 1870 5)
671 1816 862 1871 στίζομεν
881 1833 907 1860 e
922 1818 1065 1860 SchoL
1076 1819 1233 1861 Venet.
1252 1819 1307 1860 ad
1323 1818 1441 1861 Iliad.
1461 1823 1512 1862 Δ.
1529 1827 1592 1863 14.

181 1886 230 1929 Si
247 1887 321 1935 ibi,
342 1887 418 1929 ubi
440 1888 601 1942 aliquid
628 1888 982 1943 superscribitur,
1002 1902 1093 1930 una
1121 1889 1324 1943 pluresve
1347 1891 1488 1932 literae
1519 1898 1594 1932 aut

124 1955 307 2011 syllabae
339 1955 613 2002 omittuntur,
643 1955 783 1996 literae
814 1955 933 1996 vocis
966 1955 1018 2002 ei,
1051 1969 1148 2010 quae
1183 1957 1231 1996 in
1258 1954 1350 2011 ipsa
1381 1955 1497 1997 linea
1530 1965 1595 1998 est

123 2029 362 2078 postrema,
396 2037 443 2063 err
471 2023 611 2077 requld
643 2023 806 2064 lineola
838 2022 1001 2080 exigua
1030 2023 1129 2064 addi
1160 2023 1281 2069 solet,
1313 2023 1429 2064 illius
1461 2024 1592 2064 index

123 2090 382 2133 omissionis.
436 2089 548 2132 Vide
563 2091 675 2132 hanc
689 2091 897 2132 lineolam
912 2092 959 2132 in
973 2105 1082 2133 voce
1101 2092 1408 2146 compendiose
1427 2090 1592 2145 scripta

123 2153 365 2210 δηλωτικὸν,
387 2164 432 2199 et
450 2157 496 2198 ‘m
516 2172 557 2199 V.
579 2156 735 2211 ἡμέρας
752 2164 798 2198 et
816 2157 1092 2211 πλεονασμός.
1152 2157 1239 2198 Sed
1260 2158 1353 2198 haec
1373 2157 1535 2198 lineola
1565 2171 1591 2198 a

123 2225 315 2267 librariis
334 2238 449 2279 saepe
468 2226 735 2280 negligitur:
772 2227 994 2267 interdum
1014 2239 1120 2266 vero
1145 2226 1279 2266 etiam
1296 2225 1358 2265 ibi
1378 2224 1587 2280 pingitur,

123 2294 201 2334 ubi
218 2307 309 2334 non
323 2305 431 2333 vera
450 2299 514 2333 est
531 2292 762 2334 literarum
783 2299 858 2334 aut
876 2293 1149 2348 syllabarum
1169 2291 1354 2337 omissio,
1370 2292 1444 2332 sed
1458 2292 1589 2332 modo

123 2360 429 2415 compendium
467 2361 685 2402 scribendi
730 2362 875 2402 locum
918 2362 1064 2402 habet.
1142 2373 1182 2399 v,
1209 2373 1338 2400 voces
1384 2353 1499 2399 οἴκου
1542 2365 1588 2399 et

122 2425 365 2470 Ἀνδοκίδου.
422 2428 580 2469 Monui
611 2429 666 2470 ad
690 2427 879 2486 Gregor.
902 2443 943 2483 p.
960 2434 1050 2474 116,
1076 2441 1207 2469 voces
1237 2426 1346 2469 λε’ων
1374 2433 1418 2467 et
1445 2424 1587 2481 λε’·γων

35 2538 38 2539 ⁷
119 2494 215 2538 sola
233 2493 397 2537 lineola
415 2495 528 2537 inter
546 2510 593 2537 se
613 2496 870 2552 discrepare.

179 2563 502 2605 Posterioribus
531 2566 808 2619 temporibus
832 2564 933 2606 talis
954 2565 1127 2611 lineola,
1149 2564 1324 2619 qualem
1348 2563 1534 2603 lectores
1561 2575 1586 2600 e

34 2666 39 2670 .
121 2631 224 2673 Cod.
246 2630 288 2671 S.
309 2630 466 2673 Germ.
497 2636 594 2672 345.
615 2631 842 2688 cognitam
874 2633 1051 2678 habent,
1081 2632 1225 2673 rarius
1261 2635 1468 2684 usurpata
1506 2635 1583 2669 est.

123 2698 175 2739 In
213 2698 308 2752 ejus
346 2698 493 2739 locum
530 2700 586 2739 ad
618 2699 927 2755 significandas
962 2688 1194 2740 literarum
1231 2697 1586 2752 syllabarumque

43 2787 46 2789 >
124 2765 379 2806 omissiones
404 2767 605 2807 successit
624 2766 780 2808 calami
800 2773 1010 2820 tanquam
1033 2766 1259 2806 ludibundi
1280 2763 1455 2818 quidam
1481 2764 1584 2803 duc-

39 2852 49 2889 ss
122 2837 209 2877 tus,
221 2832 295 2885 qui
309 2832 631 2886 adpenderetur
645 2835 910 2875 consonanti
922 2835 1088 2875 ultimae
1104 2833 1147 2873 in
1161 2830 1276 2873 linea
1288 2830 1379 2886 ipsa
1394 2829 1581 2885 scriptae,

815 2916 841 2940 D
