1976 3288
554 211 813 243 smmum
839 212 1120 239 sarmium«.
1550 201 1605 243 31

134 307 275 350 codex
301 307 448 354 habet,
478 305 864 363 φερωνὺμως.-1)ε
885 305 1043 348 Codice
1064 307 1110 349 S.
1132 306 1284 350 Germ.
1309 314 1403 351 345.
1427 323 1610 351 monere

128 375 269 432 juvat,
286 381 439 418 notam
457 375 551 430 ejus
570 375 965 432 tachygraphicam
990 375 1175 430 syllabae
1201 376 1277 425 <ff
1297 377 1441 421 forma
1462 379 1610 433 proxi·

133 457 212 491 me
238 443 447 489 woedere
474 443 530 483 ad
551 442 714 498 Kappa
733 443 1095 497 superscriptum,
1118 446 1234 498 quod
1255 446 1460 487 librarius
1485 459 1610 487 usur-

135 512 262 568 pavit
285 512 342 554 ad
366 525 497 554 vocoe
524 512 571 553 in
596 512 683 559 «To-5
708 512 1020 567 compendiose
1044 513 1313 555 scribendas.
1373 513 1486 555 Vide
1515 528 1609 556 voc.

137 575 378 629 ἕλκω-τους.

195 664 265 702 24.
297 659 489 715 Syllabae
528 675 598 702 ων.
612 659 1043 702 —Vetustissimam
1081 666 1231 701 notam
1263 660 1392 715 hujus
1426 660 1612 715 syllabae

138 726 280 770 diseas
309 740 348 768 e.
369 741 410 769 v·
436 726 612 782 Λοκρῶν
639 741 665 768 e
691 727 783 769 cod.
811 727 1313 770 1807.-Poste1·ioribus
1342 730 1614 784 temporibus

135 795 380 852 angulosus
398 795 559 837 ductus
581 795 871 836 mutabatur
858 808 904 835 m
924 796 1177 842 rotundum,
1197 796 1528 851 syllabaque—
1474 814 1531 838 ων
1550 798 1613 838 sic

138 863 418 920 pingebatur,
431 868 481 904 ut
500 861 740 903 ostendunt
758 873 890 901 voees
911 858 999 901 τῶν
1014 861 1097 914 (ex.
1117 860 1162 915 2)
1178 861 1448 913 τεθνηκότων,
1464 869 1510 904 et
1527 862 1613 906 τῶν

140 929 230 988 (ex.
248 929 295 986 2)
315 928 447 984 ξένων
471 924 651 985 ἡγεμὼν,
670 941 697 970 e
716 927 822 969 Cod.
843 927 888 969 S.
909 926 1061 969 Germ.
1085 934 1181 970 345.
1239 927 1338 971 Hoc
1363 929 1421 971 ὦ
1445 944 1482 971 e.
1505 945 1541 972 c.
1568 932 1614 972 in

139 998 311 1044 minuta
339 999 468 1054 hujus
499 996 661 1039 codicis
691 994 911 1051 scriptura
943 995 1006 1037 ita
1039 1003 1343 1051 comparatum
1374 1004 1454 1046 est,
1487 1005 1545 1046 ut,
1577 999 1614 1040 si

142 1067 394 1114 inveneris,
423 1073 577 1108 notam
609 1066 792 1121 syllabae
823 1065 873 1106 ο“υ
903 1065 1054 1106 videre
1082 1066 1164 1107 tibi
1195 1066 1398 1107 videaris.
1459 1068 1616 1109 Seculo

143 1137 315 1179 decimo
331 1135 465 1177 tertio
481 1140 526 1176 et
542 1134 818 1189 sequentibus
836 1140 942 1175 nota
960 1131 1215 1188 syllabae—
1160 1151 1220 1175 ων
1238 1134 1464 1176 interdum
1484 1135 1618 1177 ductu

138 1204 379 1247 admodum
406 1203 568 1259 grandi
597 1203 875 1258 pingebatur.
937 1201 1051 1244 Vide
1075 1215 1206 1243 voces
1229 1200 1617 1253 βασιλεύων-των

140 1270 231 1329 (ex.
249 1268 297 1326 3)
314 1267 760 1325 ἁρμάτων-ἀεηίφιθ
788 1267 1087 1324 πρεσβυτέρων
1114 1267 1326 1326 ἀδελφων,
1350 1268 1615 1324 σωματικῶν,

142 1352 173 1382 ο
190 1339 297 1382 Cod.
315 1337 452 1380 Paris.
480 1343 573 1380 133.
635 1337 687 1378 ln
718 1339 901 1379 vocibus
936 1336 1139 1394 ἀδελφῶν
1173 1344 1218 1379 et
1248 1337 1502 1392 σωματικῶν
1533 1340 1617 1380 cir—

146 1407 388 1452 uumflexus
405 1420 508 1449 cum
525 1405 633 1448 nota
652 1406 911 1462 syllabae-
854 1423 912 1447 ων
932 1420 1156 1448 connexus
1173 1413 1248 1448 est.

203 1475 355 1519 Tam
342 1489 390 1517 m
418 1489 527 1516 voce
507 1473 731 1548 -Λοκρῶν
757 1488 890 1529 quam
921 1476 967 1516 in
999 1476 1148 1518 verbis
1176 1474 1261 1518 τῶν
1294 1474 1424 1529 ξένων
1453 1471 1620 1531 ἡγεμὼν

147 1552 257 1589 nota
286 1545 467 1602 syllabae
499 1560 558 1584 ων
587 1543 727 1584 refert
756 1541 1097 1590 circumflexum,
1130 1543 1250 1599 cujus
1280 1543 1620 1585 vetustissimam

145 1615 339 1657 formam
358 1612 653 1668 angulosam
641 1624 687 1652 m
705 1625 744 1651 v.
760 1609 967 1652 πολιτεῖαι
987 1610 1365 1665 recentioremque
1387 1611 1621 1652 rotundam

146 1682 195 1724 in
227 1696 269 1723 v.
301 1679 488 1723 ἐντεῦθεν
520 1685 565 1720 et
592 1675 703 1720 che-v
733 1693 916 1720 cernere
948 1678 1063 1720 licet.
1133 1678 1241 1720 Haec
1274 1678 1512 1720 similitudo
1546 1685 1623 1720 aut

149 1751 295 1808 potius
324 1750 522 1806 perfecta
551 1748 842 1805 congruentia
874 1747 1123 1803 compendii
1155 1747 1336 1804 syllabae
1368 1746 1427 1789 ἦ
1458 1761 1509 1789 ae
1539 1748 1622 1789 cir-

149 1818 356 1862 eumflexi
385 1817 432 1859 in
459 1815 593 1859 causa
620 1817 715 1864 fuit,
738 1830 817 1857 cur
842 1815 1014 1858 librarii
1043 1817 1210 1871 passim
1231 1813 1291 1857 ὦ
1311 1815 1526 1872 legerunt,
1546 1817 1623 1858 ubi

146 1889 268 1932 solus
285 1887 502 1930 obtineret
522 1884 840 1931 circumflexus,
858 1885 1045 1939 ideoque
1064 1897 1198 1926 voces
1216 1885 1526 1939 intempestive
1546 1899 1622 1926 au-

153 1963 313 2014 gerent
329 1956 515 2011 syllabae
536 1954 605 1997 a.
659 1954 733 1995 Sic
748 1954 853 1995 Cod.
867 1953 911 1995 S.
925 1952 1077 1994 Germ.
1098 1953 1145 1994 in
1159 1951 1316 1993 Timaei
1328 1953 1432 1994 Lex.
1451 1952 1621 2001 Platon.

153 2026 229 2067 dat
247 2039 289 2080 p.
310 2029 405 2072 16⁰,
427 2022 594 2066 κοεινῶν
614 2037 696 2079 pro
718 2022 840 2070 κυεῖν,
858 2028 903 2064 et
921 2037 962 2077 p.
978 2027 1032 2062 22
1040 2029 1074 2069 ’1,
1095 2019 1298 2076 πυρὼνων
1318 2035 1400 2076 pro
1418 2019 1572 2075 πυρῶν.

210 2092 259 2135 Si
289 2099 392 2135 nota
421 2093 602 2148 syllabae
632 2087 695 2131 ὧν
715 2098 808 2133 tam
837 2091 1019 2148 grandis
1049 2098 1119 2132 est
1146 2097 1195 2131 ut
1221 2090 1268 2131 in
1298 2103 1407 2131 voce
1437 2089 1624 2143 πρεσβυ-

152 2159 297 2216 τέρων,
316 2161 433 2203 haud
452 2174 556 2202 raro
576 2160 639 2208 fit,
658 2166 708 2201 ut
729 2166 892 2206 acutus,
914 2161 988 2214 qui
1014 2159 1195 2214 syllabae
1222 2165 1289 2199 est
1316 2158 1625 2204 antecedentis,

153 2243 235 2286 per
252 2229 375 2270 illam
394 2235 547 2270 notam
570 2229 843 2283 porrigatur.
904 2227 1017 2269 Vide
1037 2241 1167 2268 voees
1193 2224 1439 2268 καλούντων
1458 2223 1624 2280 Ὠρίων,

153 2295 375 2350 βουκόλων
398 2311 423 2337 e
446 2296 553 2337 Cod.
573 2295 675 2337 Vat.
699 2302 796 2337 305.
865 2295 973 2337 Tale
1003 2294 1061 2337 ὦῖι
1094 2309 1193 2337 cum
1233 2302 1364 2336 acuto
1400 2301 1625 2348 pertrans·

154 2371 286 2409 eunte
305 2364 449 2406 simile
469 2370 537 2405 est
556 2363 694 2405 literae
720 2365 754 2420 2}
779 2364 1099 2419 superscriptae‚
1118 2377 1219 2405 cum
1239 2361 1377 2417 eaque
1398 2363 1627 2403 confundi-

157 2438 245 2479 tur,
266 2431 521 2487 Alciphron.
542 2430 622 2472 ΙΙΙ.
644 2438 710 2473 43.
741 2431 819 2473 ubi
847 2432 1065 2473 editiones
1095 2438 1218 2473 recte
1247 2432 1352 2472 dant
1377 2426 1628 2484 Στρουθίων,

153 2500 234 2557 sed
257 2500 348 2542 eod.
363 2505 476 2542 2720
498 2497 766 2556 Στρούθιχος,
785 2500 831 2540 id
851 2501 966 2554 quod
987 2507 1171 2556 apparet
1201 2514 1258 2542 ex
1280 2505 1467 2541 accentu
1492 2512 1628 2552 super

153 2566 207 2608 a
240 2567 416 2623 scripto.
490 2568 604 2610 Vide
641 2568 724 2610 hoe
757 2569 903 2623 ipsum
937 2566 1204 2626 Στρούθιχος,
1241 2568 1357 2623 quod
1396 2566 1628 2608 manifesto

157 2635 341 2682 debetur
370 2636 515 2677 errori
543 2649 780 2690 perperam
808 2637 871 2678 sic
904 2637 1108 2693 legentis.
1183 2636 1259 2677 Sin
1293 2642 1447 2678 acutus
1479 2641 1629 2675 notam

158 2702 339 2756 syllabae
366 2703 425 2744 ὧῖι
450 2718 542 2745 non
571 2709 865 2758 pertranseat,
894 2704 970 2745 sed
1001 2705 1130 2745 modo
1163 2703 1402 2759 contingat,
1429 2702 1460 2744 λ
1477 2715 1629 2756 super-

158 2770 368 2825 scriptum
404 2778 448 2812 te
486 2785 670 2813 eernere
708 2771 911 2826 opineris.
991 2770 1098 2812 Haec
1138 2784 1274 2812 causa
1309 2770 1419 2812 mihi
1456 2771 1630 2812 videtur

161 2837 430 2880 diversitatis
449 2838 677 2894 scripturae
694 2837 813 2882 Θέων
832 2846 878 2880 et
897 2838 1015 2882 θέλει
1035 2839 1081 2880 in
1102 2838 1352 2896 Etymolog.
1373 2836 1437 2880 M.
