1976 3288
722 753 967 786 ADDENDA
993 752 1057 785 ΕΤ
1083 753 1425 786 CORRIGENDA.

340 830 403 861 Pag.

357 874 391 904 3.
408 883 441 903 v.
454 873 474 902 5
491 871 533 902 ab
550 876 638 902 extr.
658 879 720 911 pro
735 870 922 909 confimdus
939 869 1014 910 1838
1029 870 1226 909 confundas.

359 929 391 964 7.
410 939 442 958 v.
457 918 510 959 2'1.
529 937 591 968 pro
606 936 697 958 voces
713 925 789 966 1838
805 924 946 956 vocibus.

358 984 392 1020 7.
409 994 441 1014 v.
457 982 521 1014 ult.
540 992 602 1023 pro
617 980 807 1013 enumerari
823 979 899 1021 1838
915 980 1119 1010 enumeravi.

359 1041 390 1070 8.
410 1050 442 1070 v.
456 1038 477 1075 Ί
494 1039 536 1069 ab
553 1044 641 1070 extr.
660 1047 722 1078 pro
737 1037 923 1077 μηταίληψις
940 1035 1015 1077 lege
1029 1036 1221 1075 μετάληψις.

339 1095 391 1125 13.
409 1104 441 1124 ν.
457 1094 488 1124 4.
506 1103 569 1134 pro
584 1093 610 1122 ἦ
626 1091 702 1133 1838
718 1092 751 1123 Γπ.

338 1149 390 1179 13.
409 1158 443 1178 v.
460 1148 514 1178 22.
532 1157 594 1188 pro
602 1143 717 1185 formd
733 1145 808 1186 1838
816 1145 941 1183 forma.

337 1203 388 1233 14.
407 1212 439 1233 v.
457 1202 511 1233 21.
538 1201 622 1232 Post
636 1205 716 1232 nota
732 1204 781 1231 est
801 1199 966 1231 accedant
983 1198 1076 1230 hoec:
1118 1198 1161 1229 In
1178 1198 1364 1230 scholiasta
1381 1197 1530 1230 Luciani
1552 1198 1688 1239 upsilem
1706 1196 1810 1240 plane

422 1255 654 1297 neglexerunt
678 1255 917 1294 dederuntque
940 1255 1095 1294 ἅτοσγιιος
1112 1251 1196 1295 (sic)
1220 1264 1282 1294 pro
1307 1253 1368 1284 ἄσινό
1393 1255 1559 1293 moyam-535.
1606 1263 1640 1284 v.
1662 1252 1807 1295 Gregor.

423 1321 456 1351 p.
469 1311 545 1341 456.
563 1319 612 1351 sq.

338 1365 390 1396 16.
408 1375 442 1395 v.
455 1364 487 1400 7.
505 1375 568 1406 pro
584 1376 639 1407 προ
654 1363 730 1404 1838
742 1372 817 1403 pro.

336 1419 388 1449 16.
406 1428 439 1450 v.
457 1417 522 1450 ult.
540 1428 603 1459 pro
618 1415 740 1449 lincol&
757 1416 833 1457 1838
848 1416 981 1447 lineola.
1393 1461 1396 1464 Δ

334 1471 387 1504 19.
405 1482 438 1502 v.
456 1472 488 1503 8.
515 1471 598 1503 Post
615 1471 680 1502 tab.
696 1471 726 1500 1.
743 1469 877 1501 inserex
904 1469 948 1500 In
964 1468 1095 1500 unciali
1121 1469 1294 1510 scriptura
1317 1469 1637 1511 tachygraphorum
1655 1469 1691 1501 Π
1707 1470 1810 1504 facile

421 1524 548 1557 habeas
564 1530 636 1557 tam
652 1535 715 1566 pro
733 1523 778 1564 N,
796 1532 899 1564 quam
915 1532 978 1563 pro
994 1522 1035 1554 H.

335 1582 387 1614 19.
404 1590 437 1610 v.
455 1579 521 1611 ult.
555 1579 680 1612 Adde:
705 1589 734 1611 e.
744 1590 773 1611 c.
823 1577 865 1610 Οῖ
884 1579 911 1609 δὶ
931 1579 1050 1621 γράφοι,
1073 1578 1219 1610 debetur
1244 1577 1355 1609 errori
1380 1577 1430 1610 sic
1454 1589 1634 1620 perperam
1658 1579 1808 1622 leg-enti·

424 1634 458 1668 οἷ’
475 1630 633 1688 mon,
650 1645 713 1676 pro
727 1635 751 1666 οἳ
769 1634 931 1677 ζωγράφοι.
980 1633 1118 1665 Scilicet
1134 1633 1299 1665 librarius
1322 1625 1342 1672 ξ’
1365 1632 1490 1665 habuit
1508 1643 1570 1675 pro
1593 1631 1679 1667 nota
1699 1634 1808 1676 parti-

419 1697 505 1729 culae
521 1695 561 1737 33,
578 1701 766 1735 notamque
780 1694 890 1726 literae
907 1693 929 1724 a]
944 1703 1007 1734 pro
1022 1698 1166 1725 accentu
1181 1693 1293 1735 gravi.

329 1754 384 1784 28.
402 1763 435 1784 v.
451 1755 472 1784 2
489 1753 531 1784 ab
547 1755 637 1783 extr.
655 1748 731 1781 dele
747 1746 818 1791 (ex.
835 1746 870 1790 1)
887 1753 964 1789 post
980 1747 1078 1783 σίςας.

329 1808 384 1838 31.
402 1818 435 1838 v.
448 1808 502 1839 23.
518 1816 581 1848 pro
597 1806 750 1845 leyerunt
764 1803 840 1844 lege
857 1803 1012 1842 leyerent.

328 1863 383 1893 32.
401 1873 434 1893 v.
453 1863 484 1893 8.
502 1872 565 1903 pro
582 1860 713 1903 ἰμτεῖςος
730 1859 807 1901 lege
823 1858 975 1901 ἰμτεῖρως.

327 1917 381 1948 34.
399 1926 432 1947 v.
453 1916 492 1952 17
509 1916 552 1947 ab
569 1920 657 1949 extr.
676 1924 738 1956 pro
753 1914 963 1954 legerentque
978 1913 1054 1954 1838
1069 1913 1296 1953 leqeruntque.

327 1971 380 2002 41.
399 1981 432 2001 v.
449 1971 489 2002 15
505 1971 548 2002 ab
564 1975 653 2002 extr.
672 1979 735 2010 pro
752 1968 826 2005 107.
842 1968 918 2010 lege
934 1969 987 2000 58.
1459 2015 1485 2019 -

327 2025 381 2056 43.
399 2035 432 2056 v.
450 2026 482 2056 8.
500 2030 576 2066 post
592 2024 791 2055 omittuntur
806 2023 914 2056 adde:
941 2022 1126 2054 Interdum
1143 2020 1310 2052 scribitur
1327 2020 1438 2052 solum
1455 2019 1494 2051 δα.

326 2079 382 2109 45.
398 2089 431 2109 v.
451 2079 492 2109 12
508 2078 551 2109 ab
567 2082 656 2110 extr.
675 2086 737 2118 pro
752 2077 824 2108 vioe
839 2076 915 2117 1838
930 2077 1014 2108 vide.

326 2134 378 2166 45.
397 2143 429 2164 v.
448 2134 469 2164 8
484 2133 527 2164 ab
543 2138 632 2166 extr.
651 2142 713 2174 pro
728 2133 782 2163 52.
801 2131 876 2172 1838
891 2132 945 2163 34.
