1976 3288
592 216 854 251 summissum
880 214 1161 242 sumamma.
1458 211 1463 216 ·
1560 199 1618 240 25

199 315 348 358 Etiam
362 313 408 356 ἵν
424 319 470 355 et
489 314 512 355 ἓ
530 314 685 356 eodem
705 313 836 354 ductu
858 309 981 367 pingi
995 315 1185 364 possunt.
1236 323 1277 349 v.
1292 321 1388 362 quae
1404 308 1457 349 de
1472 307 1616 350 forma

141 385 286 427 literae
314 385 339 425 ἒ
362 381 411 424 in
439 380 613 438 syllaba
643 383 695 428 ἆξ-
723 380 823 423 dixi.
887 379 1055 422 Seculis
1085 384 1188 419 ante
1215 378 1445 418 inventam
1476 382 1615 417 artem

141 451 507 509 typographicam
541 449 753 505 proximis
789 448 1007 503 syllabam
1034 446 1079 487 ε-ιν
1110 445 1172 487 sic
1206 445 1459 500 pinxerunt,
1485 451 1536 485 ut
1568 444 1615 485 in

142 520 325 563 vocibus
336 514 412 574 μὲν
425 517 513 575 (ex.
530 515 587 574 l),
604 514 723 559 οὐδὲν
739 519 829 572 (ex.
848 514 902 570 l),
919 508 1107 568 εἴπωμεν,
1123 527 1148 554 e
1163 513 1257 555 cod.
1278 517 1371 559 133,
1387 527 1439 554 ac
1455 514 1616 567 passim

141 587 217 638 de,
233 594 287 630 nt
304 587 352 629 in
371 601 480 629 voce
500 582 666 638 ἔζωσεν,
687 586 764 627 ubi
784 587 831 626 ε’ῖι
849 583 993 625 simile
1011 589 1076 625 est
1091 583 1234 623 literae
1255 580 1410 637 Alpha.

197 653 302 698 Alia
330 661 440 697 nota
471 653 821 710 tachygraphica
857 651 1039 708 syllabae
1070 653 1114 692 ἓν
1147 649 1335 691 multum
1366 649 1519 690 similis
1551 656 1616 691 est

140 722 285 766 literae
306 723 407 765 Eia.
468 721 586 764 Vide
616 735 787 775 exemp.
808 724 845 760 4.
859 719 978 760 vocis
1007 719 1072 771 τῇ,
1101 723 1147 759 et
1171 731 1239 758 ex.
1262 722 1302 759 2.
1316 715 1437 758 vocis
1467 715 1614 770 μένων,

138 805 168 834 ο
181 790 289 834 Cod-
301 790 438 833 Paris.
456 795 549 832 133.
609 788 714 830 Ideo
734 788 920 829 confusa
938 782 995 841 μὴ
1015 794 1059 828 et
1077 781 1164 840 μὲν.

202 875 268 914 10.
293 871 485 928 Synabae
502 867 812 924 HL—-Primum
842 867 1152 922 compendium
1182 866 1313 921 hujus
1342 863 1536 919 syllabae,
1560 864 1614 905 de

138 953 226 996 quo
258 939 355 994 ¹jam
389 937 758 980 Montefalconius
796 935 1013 992 Palaeogr.
1046 949 1086 990 p.
1111 938 1207 975 345.
1228 947 1262 974 s.
1284 933 1394 988 egit,
1427 930 1527 972 vide
1568 932 1615 972 in

142 1003 321 1051 vocibus
350 1004 608 1062 καθύπερθεν
634 1013 680 1048 et
706 1003 916 1060 περισσῶς
938 1018 963 1046 e
982 1003 1087 1045 Cod.
1109 1002 1151 1043 S.
1172 1002 1329 1044 Germ.
1351 1006 1446 1042 345.
1507 999 1616 1041 Haec

138 1082 244 1118 nota
278 1075 428 1118 similis
462 1082 531 1116 est
566 1075 706 1116 literae
742 1074 838 1116 Iota
868 1074 988 1115 infra
1022 1072 1186 1114 lineam
1217 1070 1467 1126 productae:
1510 1081 1615 1122 qua-

140 1150 325 1200 propter
342 1141 392 1199 ἓῖ»
410 1150 455 1185 et
474 1146 492 1185 ῐ
512 1143 695 1185 confusa
712 1150 824 1184 sunt.

197 1211 432 1255 seeundum
462 1211 770 1266 compendium
799 1211 1006 1265 frequens
1036 1215 1103 1251 est
1132 1209 1179 1249 in
1207 1207 1365 1249 Codice
1395 1204 1616 1261 Hermog.

146 1285 269 1332 1983,
297 1294 417 1322 nunc
446 1280 808 1334 superscriptum,
837 1292 956 1320 nunc
987 1276 1270 1331 adscriptum.
1339 1274 1454 1316 Vide
1483 1287 1616 1315 voces

138 1346 314 1404 ἐπείπερ.
337 1346 449 1403 ὅπερ,
476 1346 626 1402 διόπερ.
687 1346 734 1388 Si
756 1346 936 1401 pusillus
966 1345 1126 1387 calami
1156 1344 1312 1384 ductus
1342 1343 1530 1390 accedat,
1560 1356 1615 1383 ex

138 1417 223 1478 hoc
241 1418 290 1472 ἔρ
306 1417 356 1458 fit
376 1417 409 1459 ἓ.
469 1415 573 1457 Ideo
601 1416 732 1457 toties
761 1419 1037 1456 commutatae
1067 1419 1168 1454 sunt
1200 1411 1384 1467 syllabae
1412 1409 1459 1466 ἔρ
1485 1418 1530 1452 et
1552 1413 1615 1452 δι’).

140 1484 343 1528 Verbum
379 1483 597 1540 περσίζειν,
632 1483 823 1539 primum
862 1497 887 1524 e
931 1478 1152 1537 scriptura
1190 1478 1360 1520 Codicis
1399 1478 1614 1535 Hermog.

139 1555 454 1611 repraesentari
479 1553 604 1609 jussi,
627 1552 781 1594 deinde
811 1566 836 1593 e
859 1550 962 1592 Cod.
985 1549 1027 1592 S.
1049 1549 1200 1591 Germ.
1224 1552 1321 1596 249,
1341 1548 1417 1588 ubi
1445 1547 1616 1604 syllaba

137 1623 188 1677 ἕρ
208 1635 345 1678 supra
362 1628 409 1663 et
428 1622 548 1664 infra
565 1621 731 1663 lineam
759 1619 1023 1676 porrigitur.

219 1689 407 1733 Tertium
446 1688 757 1745 compendium
795 1688 928 1728 habet
966 1700 1053 1727 vox
1092 1682 1235 1739 ὥσπερ
1271 1682 1358 1741 (ex.
1380 1683 1418 1737 1)
1450 1697 1475 1724 e
1513 1683 1617 1726 Cod.

141 1757 279 1800 Paris.
304 1763 426 1800 1741.

202 1841 266 1880 11.
295 1837 484 1894 Syllabae
496 1835 731 1886 ‘zie—Nota
748 1834 1097 1890 tachygraphica
1116 1833 1244 1887 hujus
1265 1832 1445 1888 syllabae
1464 1831 1617 1875 similis

142 1912 214 1948 est
233 1906 514 1962 apostrophe,
535 1906 607 1947 cui
625 1904 847 1946 interdum
877 1903 963 1944 duo
993 1907 1159 1957 puncta
1188 1901 1485 1955 superscripta
1502 1907 1618 1946 sunt.

142 1980 192 2016 ut
224 1976 280 2018 ab
316 1974 580 2031 apostropho
615 1973 713 2013 veri
741 1971 931 2012 nominis
961 1969 1270 2025 distinguatur.
1339 1966 1462 2009 Conf.
1485 1982 1616 2010 voces

141 2041 425 2092 ἐπιτείναντες,
459 2039 699 2097 πρεσβύτις,
733 2035 851 2088 τινὲς,
886 2037 1073 2094 πυρῶδες
1111 2044 1158 2079 et
1196 2035 1408 2090 λαβόντες
1446 2050 1471 2077 e
1510 2034 1615 2077 Cod.

141 2111 285 2154 Vatic.
307 2117 405 2158 305,
435 2119 556 2166 cujus
590 2109 737 2151 scriba
767 2107 1082 2163 apostrophum
1109 2105 1435 2160 productiorem
1464 2103 1618 2158 pinxit,

142 2194 229 2236 quo
257 2186 409 2222 notam
437 2179 617 2234 syllabae
636 2178 679 2224 ξ
697 2175 998 2231 distingueret
1024 2189 1050 2215 a
1076 2172 1334 2228 compendio
1363 2173 1543 2228 syllabae
1565 2172 1614 2212 ιῖ.

141 2247 256 2291 Vide
294 2261 425 2289 voces
462 2244 712 2301 πράγμασιν
749 2250 794 2285 et
831 2242 970 2299 φύσιν.
1052 2242 1081 2284 J
1084 2256 1158 2284 am
1194 2255 1284 2283 non
1322 2241 1498 2288 mirum,
1539 2240 1617 2281 ubi

142 2318 344 2359 deessent
373 2317 460 2357 duo
486 2315 564 2356 illa
591 2320 763 2369 puncta,
785 2312 847 2354 ibi
875 2311 1079 2353 librarios
1111 2317 1259 2352 notam
1289 2309 1472 2365 syllabae
1492 2309 1534 2356 ἔξ
1552 2309 1617 2349 in-

142 2383 317 2424 terdum
354 2382 556 2424 habuisse
593 2396 675 2438 pro
710 2379 819 2423 vera
859 2380 1122 2436 apostrophe
1161 2385 1208 2420 et
1247 2378 1362 2419 hanc
1399 2377 1616 2432 syllabam

142 2450 272 2506 plane
292 2449 502 2492 omisisse.
563 2449 695 2491 Haud
714 2463 818 2490 raro
838 2454 944 2489 nota
963 2447 1143 2502 syllabae
1163 2443 1205 2494 ἴς
1223 2446 1268 2487 in
1287 2445 1427 2500 ipsam
1450 2445 1617 2486 lineam

142 2517 406 2559 immittitur.
474 2516 546 2560 Sic
570 2518 738 2559 factum
756 2518 804 2558 in
825 2517 1004 2558 vocibus
1023 2513 1153 2563 ἰόντες
1172 2521 1218 2555 et
1238 2512 1451 2567 ἐξελόντες
1470 2527 1495 2554 e
1509 2512 1616 2553 Cod.

46 2607 61 2646 3
142 2585 312 2627 Platon.
329 2591 449 2628 1807.
522 2585 851 2639 Nonnunquam
886 2585 971 2625 hoc
996 2580 1041 2631 i}
1079 2582 1195 2623 male
1234 2581 1440 2638 legerunt
1477 2580 1615 2620 habu-

146 2659 360 2707 eruntque
386 2668 468 2709 pro
499 2651 670 2709 syllaba
694 2650 749 2694 ὦ.
809 2652 925 2694 Vide
946 2650 1208 2703 κολάζοντες,
1229 2665 1254 2691 e
1274 2645 1617 2690 cod.180¹7.—In

147 2720 384 2776 participiis
421 2735 736 2776 nonnunquam
766 2722 899 2763 litera
932 2738 959 2762 τ
992 2725 1096 2761 ante
1134 2718 1177 2766 εἶ·
1213 2719 1275 2760 sic
1314 2715 1618 2770 compendiose

3 2834 11 2855 ,Β
53 2832 59 2834 ,
146 2791 310 2844 pictum
339 2790 565 2831 omittitur.
638 2789 752 2832 Vide
781 2789 987 2843 exempla
1015 2782 1234 2842 ἄρσαντες,
1272 2782 1534 2839 ἁρμόσαντες
1562 2797 1616 2823 ex

59 2871 62 2873 ’
146 2856 394 2914 Etymolog.
411 2856 596 2899 Sorbon.
650 2856 757 2899 Tale
776 2853 819 2903 ἐξ
836 2856 1010 2898 illatum
1025 2854 1071 2896 in
1086 2854 1228 2910 ipsum
1248 2860 1418 2896 textum
1436 2864 1616 2906 prorsus
