1976 3288
0 280 14 372 ἰ

673 216 937 248 mmo-maun
957 218 1106 246 vocum.
1573 206 1631 247 :59

155 312 183 374 ἦ
209 317 299 377 (ex.
316 317 363 376 2)
400 317 655 374 περισπᾶται
695 308 830 372 ἢ(εκ.
848 311 896 370 2)
937 312 1169 368 βαρύνεται
1200 312 1288 370 (ex.
1303 313 1350 369 6)
1387 329 1443 356 ex
1482 313 1628 369 Etym.

155 388 341 431 Sorbon.
399 387 532 430 Vocis
559 384 789 438 σύνδεσμος
812 382 1212 438 frequentissimum
1236 383 1546 438 compendium
1564 389 1630 424 est

155 455 425 512 syllaba*
349 471 427 497 συν
447 454 796 510 superscriptum
816 453 982 493 habens
1004 450 1144 492 Delta.

212 521 421 572 Σύνθεσις,
454 520 661 570 σύνθετος,
693 515 875 574 συνθήκη
906 519 1063 560 eodem
1092 518 1344 559 scribuntur
1373 516 1633 602 compendio

154 579 246 634 συθ.
315 591 430 633 Hinc
462 596 560 632 orta
594 589 788 630 confusio
824 588 984 628 horum
1016 587 1258 628 nominum.
1326 587 1500 630 Pariter
1529 605 1634 643 προς

155 659 376 717 significat
394 665 489 700 tam
507 655 731 712 πρόσθεσις
750 668 882 710 quam
900 648 1127 708 προσθήκη.

212 723 593 781 Συστολῆ.--ν1ἀθ
612 726 660 766 in
679 738 773 765 voc.
795 718 1001 777 ἀποβολή.

212 792 530 839 Τέ.-Ι,11>1·ειι·11
558 793 672 833 hanc
702 790 907 832 voculam
936 789 1134 831 indicant
1161 788 1320 832 lineola
1345 788 1488 845 posita
1518 790 1633 832 inter

156 863 262 907 bina
290 868 463 919 puncta.
523 859 638 902 Vide
659 858 851 915 Gregor.
871 872 912 912 p.
929 863 1023 899 246.
1086 857 1203 899 Vide
1233 872 1363 900 voces
1395 854 1500 905 οὔτε,
1532 856 1635 907 ὥςτε

155 935 242 986 (ex.
258 931 305 989 2)
322 947 348 974 e
367 930 471 973 Cod.
487 929 529 970 S.
546 927 699 970 Germ.
715 933 810 975 249,
831 928 876 968 it.
897 925 1098 982 πρότερον
1117 941 1142 967 e
1156 926 1260 967 Cod.
1278 925 1419 968 Marc.
1436 926 1566 968 Hom.
1581 926 1631 968 A,

158 1001 211 1044 In
243 999 566 1044 recentioribus
602 996 834 1043 codicibus,
867 995 1005 1049 qualis
1039 1000 1106 1036 est
1131 993 1282 1036 Codex
1309 993 1482 1036 Libanii
1505 999 1630 1042 2918,

157 1084 195 1112 e.
209 1083 245 1111 c.
275 1084 324 1111 τε
353 1067 572 1109 indicatur
601 1062 730 1106 litera
760 1080 786 1105 τ
814 1061 1109 1116 superscripta
1136 1063 1317 1117 syllabae
1343 1062 1634 1104 antecedenti.

157 1141 256 1180 Rc.
277 1115 446 1191 ἤλγησε
463 1147 546 1214 prp
565 1126 734 1187 ἤλγησέ
754 1146 812 1176 τε,
841 1146 889 1172 εν
918 1143 1001 1184 pro
1032 1124 1077 1170 ἔν
1108 1145 1167 1177 τε,
1189 1130 1304 1183 quod
1330 1129 1458 1171 facile
1490 1136 1635 1184 potest

156 1202 364 1247 confundi
383 1215 483 1243 cum
503 1194 717 1247 ἐν,1.ε.ε’ν
736 1195 807 1251 τῷ.
865 1196 1107 1238 Omnino·
1079 1213 1106 1238 τ
1124 1196 1190 1238 ita
1209 1198 1567 1253 superscriptum,
1583 1204 1632 1239 ut

157 1270 449 1329 significet*
400 1285 458 1316 τε,
479 1268 722 1309 multorum
742 1279 873 1306 causa
892 1278 1094 1306 errorum
1114 1264 1210 1305 fuit.

214 1336 356 1387 Τέλος,
377 1335 546 1384 τέλειος,
572 1336 684 1377 item
703 1336 892 1375 verbum
920 1332 1059 1375 τελεῖν
1090 1347 1116 1374 a
1143 1333 1298 1374 scribis
1327 1333 1634 1376 festinantibus

155 1406 341 1449 indicari
357 1411 537 1460 possunt
556 1400 727 1460 syllaba
745 1399 803 1449 ἦ,
819 1403 890 1443 cui
904 1401 1097 1443 Lambda
1116 1403 1470 1456 superscribitur.
1516 1401 1634 1444 Hinc

155 1474 385 1530 scripturae
405 1472 640 1514 diversitas
667 1470 716 1513 ἐκ
734 1469 884 1518 τέλους
904 1476 948 1511 et
971 1469 1019 1511 ἐκ
1044 1468 1218 1516 τελείου,
1238 1484 1279 1511 v.
1297 1470 1498 1525 Append.
1518 1476 1634 1526 p.l9‚

155 1542 201 1585 it.
222 1541 453 1584 fluctuatio
471 1541 588 1582 inter
607 1537 743 1582 τελῶν
763 1545 808 1580 et
826 1537 949 1586 τελεῖ
970 1551 1012 1580 v,
1028 1536 1219 1594 Gregor.
1239 1552 1279 1593 p.
1294 1544 1390 1579 623.
1432 1538 1635 1580 Verbum

155 1609 288 1654 ἐτέλει
321 1610 487 1667 legitur
518 1609 565 1650 in
597 1607 738 1649 Schol.
758 1606 872 1650 Ven.
901 1607 956 1648 ad
976 1606 1105 1648 Hom.
1120 1605 1167 1647 Il.
1189 1605 1242 1646 A.
1261 1612 1327 1647 38.
1389 1605 1441 1647 In
1474 1608 1633 1648 iisdem

158 1678 343 1721 Scholiis
363 1678 419 1720 ad
436 1677 482 1718 Il.
499 1679 549 1719 Δ.
570 1683 665 1718 253.
715 1676 987 1720 Villoisonus
1006 1673 1071 1717 ἐπὶ
1091 1672 1243 1717 τούτου
1261 1689 1342 1731 pro
1362 1671 1426 1717 ἐπὶ
1442 1671 1492 1717 τὸ
1512 1674 1635 1724 τέλος

158 1747 292 1789 dedit.

213 1811 469 1862 Τινὲς.-Ι)ο
498 1811 755 1854 confusione
777 1810 906 1866 hujus
925 1810 1046 1853 vocis
1068 1824 1170 1854 cum
1190 1808 1352 1867 γίνεται
1373 1811 1474 1852 vide
1495 1823 1632 1865 supra

158 1881 377 1938 syllabam
397 1884 454 1927 Est.

214 1945 356 2006 Τροπὴ
389 1949 697 2005 compendiose
738 1949 951 1990 scribitur
980 1938 1070 2003 τρῖ.
1132 1961 1173 1987 v.
1200 1944 1397 2001 Append.
1428 1959 1469 2001 p.
1496 1949 1560 1991 52,
1589 1951 1634 1986 et

158 2018 353 2075 Gregor.
374 2034 417 2074 p.
435 2022 528 2059 161.
591 2016 688 2058 Hoc
718 2030 888 2072 quoque
918 2016 1228 2072 compendium
1258 2027 1391 2056 causa
1420 2019 1487 2055 est
1512 2027 1633 2054 erro·

158 2099 289 2128 rum:
338 2100 375 2128 e.
397 2101 433 2128 c.
462 2084 691 2127 Librarius
721 2083 864 2140 Etym.
899 2084 1024 2126 Sorb.
1060 2084 1177 2126 male
1216 2083 1328 2139 legit
1365 2073 1634 2137 μετροποιΐαν

157 2168 240 2210 pro
258 2150 533 2210 μετατροπῆν.

213 2217 343 2277 Ὑπὲρ
372 2229 416 2264 et
444 2218 523 2263 ὑπὸ
553 2221 878 2262 confunduntur
913 2221 971 2274 (v.
992 2218 1134 2274 Epist.
1160 2232 1203 2273 p.
1223 2216 1323 2272 153)
1352 2218 1455 2272 quia
1490 2218 1632 2258 ambae

157 2290 491 2346 praepositiones
509 2303 838 2360 nonnunquam,
859 2289 935 2331 sed
953 2289 1099 2329 minus
1119 2293 1253 2336 recte,
1273 2285 1525 2328 scribuntur
1546 2299 1634 2327 uno

158 2359 400 2414 eodemque
417 2355 707 2414 compendiof
712 2376 737 2399 υ
756 2371 787 2398 s.
805 2373 839 2397 υ.
894 2357 999 2398 Dixi
1012 2355 1159 2397 minus
1178 2361 1320 2397 recte:
1350 2354 1635 2395 librariorum

161 2427 280 2483 enim
302 2429 339 2469 οἱ
366 2424 659 2482 ἀκριβεστεροι
687 2432 873 2467 utuntur
893 2422 1192 2480 compendio‚‘
1198 2441 1222 2464 υ
1240 2424 1548 2464 tantummodo
1580 2423 1634 2464 ad

157 2480 490 2552 significandam
518 2493 877 2550 praepositionem
896 2492 998 2536 ὑπό;
1036 2494 1114 2534 ubi
1137 2498 1287 2534 autem
1313 2486 1414 2544 ὑπὲρ
1442 2490 1636 2532 scribere

157 2562 322 2608 volunt,
355 2561 493 2603 literae
523 2578 555 2602 π
588 2561 754 2603 addunt
784 2568 938 2603 notam
977 2559 1230 2616 syllabae—
1187 2575 1246 2614 ερ.
1308 2556 1635 2612 Praepositionis

160 2624 261 2684 ὑπὲρ
281 2643 382 2671 cum
401 2629 581 2671 nomine
602 2624 714 2683 ὕδωρ
735 2630 925 2671 confusae
945 2643 1122 2670 causam
1141 2642 1167 2670 e
1187 2623 1482 2681 compendiis‘
1487 2641 1510 2664 υ
1530 2632 1577 2666 et
1596 2617 1635 2666 ‘v

158 2697 289 2752 petii:
330 2698 406 2740 sed
436 2711 536 2738 cum
567 2699 799 2739 ambarum
827 2711 987 2739 vocum
1013 2697 1101 2737 sint
1134 2701 1248 2738 notae
1277 2693 1635 2749 tachygraphicae

159 2765 394 2807 admodum
432 2764 606 2812 similes,
640 2779 838 2820 quarum,
871 2779 973 2807 cum
1003 2763 1255 2820 Epistolam
1294 2760 1495 2803 criticam
1527 2760 1634 2802 scri-

158 2833 324 2882 berem,
353 2846 443 2874 non
475 2846 646 2875 memor
682 2847 818 2880 eram,
849 2846 968 2875 nunc
1002 2832 1113 2873 mihi
1143 2828 1427 2873 verisimilius
1457 2827 1636 2870 videtur
