1976 3288
364 257 417 299 14
883 268 933 293 DE
960 267 1139 294 SINGULIS
1168 266 1335 293 LIRERIS.

359 364 479 407 denti
504 364 655 410 literae,
682 377 766 404 e.c.
794 363 834 410 ἆ,
855 358 900 410 Ξ),
922 364 961 409 ὅ,
984 369 1077 408 etc„
1111 376 1228 417 saepe
1261 362 1323 403 sic
1357 361 1580 409 scribitur,
1601 366 1650 402 ut
1679 361 1836 403 haberi

358 435 493 489 possit
512 447 593 488 pro
616 429 708 473 sola
728 432 967 487 appendice
989 431 1105 471 illius
1126 430 1288 471 literae:
1321 443 1406 484 quo
1425 429 1488 480 fit,
1510 435 1561 471 ut
1580 429 1626 470 in
1643 429 1835 485 legendo

357 502 522 556 passim
542 500 806 556 negligatur.
870 498 921 540 In
941 498 1122 540 vocibus
1146 498 1320 552 quidem
1340 494 1486 540 διατὸν
1514 505 1559 539 et
1579 496 1728 543 ταῢτα,
1752 486 1835 538 dis:

358 569 527 611 crimen
555 568 669 609 inter
702 569 895 623 syllabas
925 566 982 609 Er*
1011 573 1056 607 et
1089 567 1170 608 ἆυ-τ·
1201 567 1304 607 satis
1334 566 1614 608 manifestum
1635 572 1726 607 est:
1758 567 1836 608 sed

357 652 446 680 non
468 651 620 679 omnes
642 637 798 677 scribae
819 635 973 678 eadem
994 633 1222 691 diligentia
1240 635 1284 675 in
1310 634 1625 690 distinguendis
1655 633 1836 675 diversis

357 706 539 760 syllabis
567 705 812 748 utebantur.
873 702 1006 750 Quod
1027 703 1211 744 enimin
1232 703 1380 744 codice
1407 708 1515 743 1524
1544 701 1634 758 legi
1661 708 1836 757 oportet

358 770 514 821 διατὸν,
540 774 635 815 aliis
655 771 808 813 scribis
831 771 1049 828 significat
1080 766 1261 817 διαυτὸν,
1283 771 1499 826 syllabam
1529 772 1584 810 ow
1613 785 1835 826 ταχυγρα-

358 841 492 899 φικῶς
530 843 590 884 sic
631 839 950 896 effingentibus,
984 845 1033 880 ut
1071 839 1212 880 altera
1245 853 1348 894 pars
1386 839 1528 879 literae
1561 841 1590 879 ἃ
1621 838 1768 878 valeat
1801 836 1838 878 ὓ.

357 908 523 950 Eodem
543 909 672 949 modo
693 922 781 949 vox
800 905 1006 949 Γλαύκων
1025 907 1070 948 in
1091 907 1251 948 unciali
1271 904 1489 962 scriptura
1508 906 1753 962 effingitur:
1785 919 1837 946 ac

359 977 731 1033 quemadmodum
760 977 806 1017 in
833 974 908 1018 illa
935 978 991 1017 ἆῖι
1020 976 1150 1017 facile
1172 989 1255 1030 pro
1277 975 1321 1014 ὦ
1353 975 1508 1016 haberi
1539 980 1690 1030 potest,
1710 973 1837 1016 sicin

358 1042 597 1086 minuscula
617 1046 673 1085 ὂῑῦ
691 1046 943 1086 habuerunt
962 1059 1044 1099 pro
1065 1046 1096 1086 ἃ
1124 1050 1167 1085 et
1189 1045 1283 1084 vice
1303 1041 1442 1084 versa.
1503 1042 1617 1084 Vide
1634 1042 1838 1097 exempla

356 1126 490 1167 supra
511 1113 642 1153 allata
661 1113 707 1153 in
728 1110 860 1154 litera
881 1112 1034 1168 Alpha.
1097 1111 1162 1152 De
1194 1110 1364 1166 syllaba
1382 1104 1441 1151 ff
1471 1111 1583 1152 conf.
1604 1124 1736 1152 voces
1762 1110 1837 1153 ,9υ-

354 1174 433 1231 μὸν
474 1181 558 1231 (ex.
593 1180 651 1231 2),
689 1179 975 1234 καθυπόταξιν
1009 1195 1089 1236 pro
1128 1179 1221 1221 καθ’
1258 1178 1460 1232 ὑπόταξιν
1492 1181 1539 1235 (e
1565 1178 1668 1220 Cod.
1691 1178 1836 1234 Apoll.

358 1245 558 1301 Dyscol.)
580 1248 654 1290 ubi
674 1263 805 1290 nemo
836 1249 964 1290 facile
994 1249 1199 1305 negligat
1229 1249 1276 1289 in
1305 1248 1493 1304 legendo
1523 1248 1702 1289 literam
1721 1246 1759 1299 ἶ),
1781 1249 1837 1290 si·

358 1315 546 1368 quidem,
568 1315 730 1358 omissa
748 1315 823 1357 illa
846 1315 984 1367 litera,
1005 1323 1290 1358 nascerentur
1311 1330 1441 1358 voces
1465 1316 1596 1371 plane
1616 1317 1836 1359 barbarae.

357 1380 490 1423 Secus
521 1383 676 1425 accidit
698 1384 743 1425 in
768 1385 1023 1441 fragmento
1047 1385 1209 1426 Dorico
1240 1383 1392 1426 ταῦται
1424 1381 1494 1425 ταὶ
1527 1381 1656 1438 θύραι
1689 1383 1836 1440 μᾶτερ,

358 1450 434 1491 ubi
455 1451 624 1505 primus
654 1453 810 1500 editor,
833 1468 1011 1495 sensum
1041 1454 1199 1494 horum
1218 1454 1458 1493 verborum
1486 1453 1712 1509 ignorans,
1732 1453 1836 1507 Spae

357 1531 437 1572 pro
457 1515 586 1572 θύραι
609 1520 1035 1569 dedit—Quomodo
1058 1520 1108 1575 a}
1138 1520 1182 1562 in
1203 1518 1423 1574 Apollonii
1443 1519 1602 1562 Codice
1627 1520 1836 1577 seriptum

356 1587 424 1632 sit,
453 1587 593 1629 lector
633 1589 851 1646 intelliget
882 1605 905 1630 e
936 1590 1116 1631 vocibus
1150 1584 1306 1644 ἄρθρον
1337 1595 1380 1630 et
1411 1585 1620 1643 ἀρθρικὸν.
1689 1589 1835 1644 Scrip-

356 1662 459 1696 tura
489 1657 668 1711 syllabae
697 1659 752 1698 σΤυ
779 1672 802 1698 e
827 1659 1009 1699 vocibus
1041 1654 1336 1713 συμφὼνισται
1368 1662 1412 1697 et
1437 1655 1836 1710 ἐπισυμπεπτωκᾶτα

354 1730 463 1764 nota
487 1731 565 1766 est.

416 1791 464 1832 In
501 1792 747 1834 minusculo
784 1795 1016 1849 alphabeto
1050 1795 1222 1851 Upsilon
1257 1795 1394 1835 etiam
1429 1807 1530 1835 cum
1553 1793 1629 1835 Nu
1657 1794 1848 1836 confun—

358 1860 486 1907 ditur,
508 1874 559 1901 ac
579 1861 672 1901 vice
696 1859 1071 1918 versa.-—[]psilon
1094 1862 1231 1904 etiam
1257 1876 1357 1902 cum
1380 1863 1509 1918 signo
1531 1856 1636 1917 ὑφὲν
1656 1862 1835 1903 confun—

358 1928 487 1969 ditur.

415 2041 783 2099 Phi.—Exempla
803 2045 930 2100 hujus
951 2045 1089 2085 literae
1110 2043 1156 2084 in
1175 2040 1392 2098 scriptura
1413 2043 1574 2084 unciali
1598 2050 1643 2085 et
1666 2044 1835 2086 minus-

356 2108 454 2151 cula
474 2111 645 2153 Codicis
666 2111 805 2163 Palat.
831 2118 926 2153 398.
949 2113 1048 2153 vide
1069 2113 1114 2152 in
1137 2125 1177 2152 v,
1195 2106 1399 2166 Ἀλφειὸς.

413 2180 464 2221 In
484 2182 675 2222 nummis
699 2181 878 2236 aliisque
898 2179 1194 2222 monumentis
1211 2178 1297 2221 th·
1317 2179 1540 2220 interdum
1561 2179 1752 2221 effictum
1771 2187 1836 2222 est

352 2249 425 2295 sic,
459 2257 519 2296 ÷.
602 2249 653 2290 In
695 2249 918 2290 codicibus
964 2248 1097 2289 etiam
1144 2248 1378 2289 admodum
1422 2248 1604 2289 vetustis
1642 2245 1731 2289 Phi
1771 2247 1835 2289 sic

295 2327 299 2329 ’
352 2318 518 2370 pictum
559 2333 650 2359 esse
689 2318 884 2372 suspicor
906 2333 913 2358 :
963 2318 1080 2358 unde
1119 2316 1301 2357 fortasse
1341 2316 1600 2371 explicanda
1638 2316 1833 2359 confusio

352 2384 579 2426 literarum
599 2384 633 2440 ᾧ
653 2392 697 2426 et
717 2381 768 2437 Ψ.

409 2450 458 2493 In
487 2452 649 2494 Codice
677 2451 898 2507 Apollonii
926 2450 1105 2507 Dyscoli
1126 2449 1215 2492 ΡΙιὶ
1243 2450 1442 2491 nonnihil
1472 2451 1605 2493 habet
1636 2451 1834 2494 similitu-

350 2519 464 2573 dinis
496 2534 597 2561 cum
627 2520 766 2561 literis
790 2516 860 2573 ἷρ,
882 2519 980 2560 vide
1004 2520 1144 2560 verba
1168 2515 1346 2574 ‹poto-iv*‚
1370 2512 1536 2571 ἄρθρον,
1560 2526 1603 2560 et
1623 2516 1832 2574 ἀρθρικὸν.

354 2589 553 2629 Sturzius
581 2588 734 2630 habuit
764 2589 799 2644 ᾧ
828 2603 910 2643 pro
931 2584 1003 2641 Ξῖ),
1031 2594 1075 2628 et
1105 2600 1184 2641 pro
1220 2585 1406 2641 simplici
1432 2585 1590 2641 Siyma,
1621 2588 1737 2641 quod
1766 2595 1834 2630 est

351 2654 498 2711 Siyma
519 2670 618 2697 cum
638 2655 741 2698 nota
762 2652 1108 2712 tachygraphica
1128 2654 1309 2709 syllabae
1329 2655 1391 2694 Tv:
1423 2667 1527 2694 nam
1546 2655 1683 2696 codex
1698 2655 1831 2697 habet

348 2721 496 2779 φασὶν,
512 2739 602 2766 non
625 2723 743 2781 φασί.
807 2724 974 2779 Inspice
997 2723 1214 2779 syllabam
1234 2722 1301 2763 ow
1321 2721 1452 2763 simili
1472 2723 1602 2763 modo
1623 2723 1831 2777 scriptam

349 2791 395 2831 in
416 2794 598 2834 vocibus
621 2788 732 2834 κατὰ
760 2791 845 2847 (ex.
865 2789 921 2846 4),
943 2790 1149 2845 στέρησιν.
1203 2789 1268 2830 De
1298 2788 1554 2830 confusione
1579 2790 1723 2831 literae
1743 2788 1831 2831 Phi

348 2873 448 2899 cum
469 2860 593 2901 litera
614 2862 708 2903 Rho
729 2861 828 2902 vide
856 2859 974 2901 infra
994 2872 1086 2900 voc.
1108 2855 1252 2906 φασίν.
1311 2905 1316 2908 ,

568 2984 584 2999 ‘⁸'
611 2983 639 3012 E
658 2982 730 3012 loco
748 2983 781 3013 -τό
797 2984 857 3024 ’γὰρ
874 2980 944 3021 (ex.
957 2979 993 3022 8)
1012 2983 1035 3012 οἵ
1052 2982 1097 3012 τοί
1111 2989 1195 3021 φασιν
1212 2978 1280 3019 (ex.
1298 2977 1331 3019 l)
1351 2982 1463 3021 Δωριεῖς
1482 2977 1552 3019 (ex,
1564 2978 1612 3018 2).
