1976 3288
867 265 1031 291 LECTORI
1059 264 1274 291 BENEVOLO.

331 368 526 432 subjeci.
602 368 658 414 In
697 367 883 414 caeteris
919 366 1111 424 tabulis,
1146 367 1521 424 contractiones,
1547 384 1608 415 ex
1641 369 1809 417 ordine

330 456 597 513 literarum,
641 455 872 503 collocavi
896 472 906 501 τ
965 454 1204 502 rationem
1254 454 1552 518 modumque
1598 462 1810 513 secutus,

334 546 525 609 quibus,
545 545 805 609 adjuvante
825 543 928 592 viro
946 543 1028 591 illo
1054 543 1232 590 eximio
1248 543 1444 592 Thoma
1456 544 1652 609 Young,
1670 545 1809 593 M.D.

333 650 450 682 usus
493 650 599 682 sum
642 633 691 680 in
727 631 1114 696 Poecilographia
1153 631 1343 680 Graeca.
1438 632 1544 681 Has
1591 638 1812 682 contrac-

334 724 508 780 tiones,
533 721 749 769 maxima
778 722 896 769 cura
927 726 992 777 et,
1018 726 1074 768 ut
1106 737 1266 785 spero,
1290 737 1391 768 non
1428 721 1530 769 sine
1563 721 1813 780 fidelitate,

334 813 629 876 transcripsi.
702 811 849 865 Quod
874 811 912 858 si
937 827 1104 858 earum
1138 811 1487 876 explicationes
1512 829 1611 861 non
1634 812 1814 861 formo-

336 903 521 951 sissime
546 901 838 958 scribuntur,
854 900 965 957 hoc,
983 900 1158 964 partim
1185 900 1455 949 difficultati
1480 918 1560 950 eas
1578 902 1628 949 in
1647 901 1818 950 charta

337 990 501 1039 cerata
523 989 832 1047 inscribendi,
856 990 1048 1054 partim,
1069 989 1289 1047 fortasse,
1316 989 1542 1047 defectui,
1567 1007 1679 1038 cum
1704 1007 1818 1039 ocu-

337 1082 496 1129 lorum
543 1086 650 1127 tum
697 1081 870 1127 manus
918 1079 1104 1136 scribae,
1138 1080 1241 1143 jam
1283 1096 1467 1128 annum
1516 1080 1671 1128 aetatis
1715 1083 1822 1128 suae⁴

339 1169 751 1233 septuagesimum
775 1169 980 1231 agentis,
1005 1169 1350 1232 assignandum
1376 1174 1464 1217 est.

410 1273 507 1320 Hic
543 1289 643 1320 non
681 1272 765 1320 abs
806 1288 858 1319 re
898 1272 988 1320 erit
1023 1272 1199 1330 dicere,
1238 1273 1509 1320 Robertum
1550 1272 1720 1330 Finch,
1756 1273 1818 1321 ob

341 1378 581 1409 summam
602 1361 923 1410 eruditionem
939 1362 1330 1419 memorandum,
1340 1364 1619 1427 conspecta,
1629 1364 1819 1422 Romae,

344 1449 730 1513 Poecilographia
768 1450 960 1508 Graeca,
1005 1450 1101 1499 hoc
1150 1468 1273 1515 opus
1324 1451 1532 1500 Thomae
1570 1445 1820 1516 Hodgkin',

345 1538 484 1585 M.D.
510 1538 821 1601 suggessisse,
846 1538 996 1601 quod,
1019 1543 1076 1586 ut
1100 1539 1263 1587 dilecti
1289 1540 1393 1588 Filii
1417 1541 1655 1589 desiderio
1684 1541 1822 1590 satis-

344 1626 571 1684 facerem,
597 1628 802 1691 suscepi.

414 1730 552 1786 Vale,
587 1731 766 1779 Lector
802 1732 1055 1788 benevole‚
1094 1738 1142 1780 et
1181 1733 1312 1782 hisce
1360 1734 1538 1782 nostris
1578 1734 1823 1784 laboribus

346 1819 523 1867 faveas.

529 2045 776 2068 MDCCCXXXV.
