<?xml version="1.0" encoding="UTF-8"?>
<!DOCTYPE html PUBLIC "-//W3C//DTD XHTML 1.0 Transitional//EN"
    "http://www.w3.org/TR/xhtml1/DTD/xhtml1-transitional.dtd">
<html xmlns="http://www.w3.org/1999/xhtml" xml:lang="en" lang="en">
 <head>
  <title>
</title>
<meta http-equiv="Content-Type" content="text/html;charset=utf-8" />
  <meta name='ocr-system' content='tesseract 3.04.00' />
  <meta name='ocr-capabilities' content='ocr_page ocr_carea ocr_par ocr_line ocrx_word'/>
</head>
<body>
  <div class='ocr_page' id='page_1' title='image "./excerptaexcommen00bastuoft_0067.png"; bbox 0 0 1976 3288; ppageno 0'>
   <div class='ocr_carea' id='block_1_1' title="bbox 0 354 81 3288">
    <p class='ocr_par' dir='ltr' id='par_1_1' title="bbox 0 354 81 3288">
     <span class='ocr_line' id='line_1_1' title="bbox 0 354 81 3288; baseline 0 0"><span class='ocrx_word' id='word_1_1' title='bbox 0 354 81 3288; x_wconf 95' lang='lat' dir='ltr'> </span> 
     </span>
    </p>
   </div>
   <div class='ocr_carea' id='block_1_2' title="bbox 673 215 1633 255">
    <p class='ocr_par' dir='ltr' id='par_1_2' title="bbox 673 215 1633 255">
     <span class='ocr_line' id='line_1_2' title="bbox 673 215 1633 255; baseline 0.003 -3"><span class='ocrx_word' id='word_1_2' title='bbox 673 223 941 252; x_wconf 70' lang='lat' dir='ltr'>.mmnmuu</span> <span class='ocrx_word' id='word_1_3' title='bbox 971 224 1118 252; x_wconf 72' lang='lat' dir='ltr'>vocum.</span> <span class='ocrx_word' id='word_1_4' title='bbox 1581 215 1633 255; x_wconf 87' lang='grc'>51</span> 
     </span>
    </p>
   </div>
   <div class='ocr_carea' id='block_1_3' title="bbox 152 325 1629 935">
    <p class='ocr_par' dir='ltr' id='par_1_3' title="bbox 154 325 1629 452">
     <span class='ocr_line' id='line_1_3' title="bbox 155 325 1629 387; baseline -0.001 -11"><span class='ocrx_word' id='word_1_5' title='bbox 155 335 204 376; x_wconf 88' lang='lat' dir='ltr'>in</span> <span class='ocrx_word' id='word_1_6' title='bbox 223 330 465 377; x_wconf 68' lang='lat' dir='ltr'>Scholiasta</span> <span class='ocrx_word' id='word_1_7' title='bbox 485 329 697 374; x_wconf 84' lang='lat' dir='ltr'><strong>Nicandri</strong></span> <span class='ocrx_word' id='word_1_8' title='bbox 714 330 830 372; x_wconf 83' lang='lat' dir='ltr'>male</span> <span class='ocrx_word' id='word_1_9' title='bbox 858 330 1028 372; x_wconf 85' lang='lat' dir='ltr'>dedisse</span> <span class='ocrx_word' id='word_1_10' title='bbox 1058 331 1113 379; x_wconf 83' lang='grc' dir='ltr'><strong><em>εἰς</em></strong></span> <span class='ocrx_word' id='word_1_11' title='bbox 1132 325 1231 374; x_wconf 69' lang='grc' dir='ltr'>λὲοὗ</span> <span class='ocrx_word' id='word_1_12' title='bbox 1251 345 1332 387; x_wconf 87' lang='lat' dir='ltr'>pro</span> <span class='ocrx_word' id='word_1_13' title='bbox 1353 333 1409 380; x_wconf 81' lang='grc' dir='ltr'><strong><em>εἷς</em></strong></span> <span class='ocrx_word' id='word_1_14' title='bbox 1426 331 1533 382; x_wconf 69' lang='grc' dir='ltr'><strong><em>λεόῧ,</em></strong></span> <span class='ocrx_word' id='word_1_15' title='bbox 1554 336 1579 375; x_wconf 84' lang='lat' dir='ltr'>i.</span> <span class='ocrx_word' id='word_1_16' title='bbox 1594 349 1629 375; x_wconf 89' lang='lat' dir='ltr'>e.</span> 
     </span>
     <span class='ocr_line' id='line_1_4' title="bbox 154 400 437 452; baseline -0.011 -7"><span class='ocrx_word' id='word_1_17' title='bbox 154 402 213 452; x_wconf 74' lang='grc' dir='ltr'><strong><em>εἷς</em></strong></span> <span class='ocrx_word' id='word_1_18' title='bbox 230 400 437 444; x_wconf 80' lang='grc' dir='ltr'><strong><em>Λεόντιον.</em></strong></span> 
     </span>
    </p>

    <p class='ocr_par' dir='ltr' id='par_1_4' title="bbox 152 465 1627 594">
     <span class='ocr_line' id='line_1_5' title="bbox 211 465 1627 526; baseline -0.002 -15"><span class='ocrx_word' id='word_1_19' title='bbox 211 467 611 526; x_wconf 53' lang='grc' dir='ltr'><strong>Λόγος-8011111116</strong></span> <span class='ocrx_word' id='word_1_20' title='bbox 644 466 953 521; x_wconf 82' lang='lat' dir='ltr'>compendium</span> <span class='ocrx_word' id='word_1_21' title='bbox 981 465 1107 521; x_wconf 90' lang='lat' dir='ltr'>hujus</span> <span class='ocrx_word' id='word_1_22' title='bbox 1137 467 1258 508; x_wconf 87' lang='lat' dir='ltr'>vocis</span> <span class='ocrx_word' id='word_1_23' title='bbox 1295 467 1531 509; x_wconf 86' lang='lat' dir='ltr'>ostendunt</span> <span class='ocrx_word' id='word_1_24' title='bbox 1557 482 1627 509; x_wconf 85' lang='lat' dir='ltr'>vv.</span> 
     </span>
     <span class='ocr_line' id='line_1_6' title="bbox 152 533 1106 594; baseline -0.006 -13"><span class='ocrx_word' id='word_1_25' title='bbox 152 536 284 594; x_wconf 76' lang='grc' dir='ltr'><strong><em>λόγος</em></strong></span> <span class='ocrx_word' id='word_1_26' title='bbox 302 543 348 579; x_wconf 83' lang='lat' dir='ltr'>et</span> <span class='ocrx_word' id='word_1_27' title='bbox 368 534 584 591; x_wconf 76' lang='grc' dir='ltr'><strong><em>Θεολόγος</em></strong></span> <span class='ocrx_word' id='word_1_28' title='bbox 602 549 627 576; x_wconf 92' lang='lat' dir='ltr'>e</span> <span class='ocrx_word' id='word_1_29' title='bbox 647 534 752 576; x_wconf 92' lang='lat' dir='ltr'>Cod.</span> <span class='ocrx_word' id='word_1_30' title='bbox 772 534 814 576; x_wconf 92' lang='lat' dir='ltr'>S.</span> <span class='ocrx_word' id='word_1_31' title='bbox 838 533 987 576; x_wconf 89' lang='lat' dir='ltr'><strong>Germ.</strong></span> <span class='ocrx_word' id='word_1_32' title='bbox 1010 539 1106 575; x_wconf 87' lang='grc'><strong>315.</strong></span> 
     </span>
    </p>

    <p class='ocr_par' dir='ltr' id='par_1_5' title="bbox 152 600 1627 798">
     <span class='ocr_line' id='line_1_7' title="bbox 206 600 1627 657; baseline -0.002 -10"><span class='ocrx_word' id='word_1_33' title='bbox 206 602 379 652; x_wconf 79' lang='grc' dir='ltr'><em>Λυσίας,</em></span> <span class='ocrx_word' id='word_1_34' title='bbox 402 600 786 651; x_wconf 82' lang='grc' dir='ltr'><strong>Αυσανίας.-1)1ιο</strong></span> <span class='ocrx_word' id='word_1_35' title='bbox 817 602 911 643; x_wconf 83' lang='lat' dir='ltr'>haec</span> <span class='ocrx_word' id='word_1_36' title='bbox 945 602 1127 643; x_wconf 83' lang='lat' dir='ltr'>nomina</span> <span class='ocrx_word' id='word_1_37' title='bbox 1161 602 1341 644; x_wconf 86' lang='lat' dir='ltr'>confusa</span> <span class='ocrx_word' id='word_1_38' title='bbox 1374 609 1488 649; x_wconf 87' lang='lat' dir='ltr'>sunt,</span> <span class='ocrx_word' id='word_1_39' title='bbox 1513 604 1627 657; x_wconf 92' lang='lat' dir='ltr'>quod</span> 
     </span>
     <span class='ocr_line' id='line_1_8' title="bbox 152 670 1627 730; baseline -0.003 -14"><span class='ocrx_word' id='word_1_40' title='bbox 152 674 325 716; x_wconf 86' lang='lat' dir='ltr'>librarii</span> <span class='ocrx_word' id='word_1_41' title='bbox 343 670 683 730; x_wconf 73' lang='grc' dir='ltr'><strong><em>ταχυγραφικῶς</em></strong></span> <span class='ocrx_word' id='word_1_42' title='bbox 703 685 757 713; x_wconf 89' lang='lat' dir='ltr'>ea</span> <span class='ocrx_word' id='word_1_43' title='bbox 776 671 1020 712; x_wconf 82' lang='lat' dir='ltr'><strong>scribentes</strong></span> <span class='ocrx_word' id='word_1_44' title='bbox 1040 684 1159 725; x_wconf 87' lang='lat' dir='ltr'>saepe</span> <span class='ocrx_word' id='word_1_45' title='bbox 1177 671 1287 712; x_wconf 91' lang='lat' dir='ltr'>nihil</span> <span class='ocrx_word' id='word_1_46' title='bbox 1306 677 1523 726; x_wconf 82' lang='lat' dir='ltr'>ponerent</span> <span class='ocrx_word' id='word_1_47' title='bbox 1541 671 1627 712; x_wconf 87' lang='lat' dir='ltr'>nisi</span> 
     </span>
     <span class='ocr_line' id='line_1_9' title="bbox 153 738 1471 798; baseline -0.004 -14"><span class='ocrx_word' id='word_1_48' title='bbox 153 741 372 798; x_wconf 75' lang='lat' dir='ltr'><strong>syllabam</strong></span> <span class='ocrx_word' id='word_1_49' title='bbox 389 740 458 787; x_wconf 70' lang='grc' dir='ltr'>ῑῶ,</span> <span class='ocrx_word' id='word_1_50' title='bbox 479 741 777 795; x_wconf 87' lang='lat' dir='ltr'>superscripto</span> <span class='ocrx_word' id='word_1_51' title='bbox 798 738 954 794; x_wconf 73' lang='lat' dir='ltr'>Siyma.</span> <span class='ocrx_word' id='word_1_52' title='bbox 1014 753 1054 779; x_wconf 83' lang='lat' dir='ltr'>v.</span> <span class='ocrx_word' id='word_1_53' title='bbox 1077 739 1216 794; x_wconf 83' lang='lat' dir='ltr'><strong>Epist.</strong></span> <span class='ocrx_word' id='word_1_54' title='bbox 1238 752 1278 793; x_wconf 91' lang='lat' dir='ltr'>p.</span> <span class='ocrx_word' id='word_1_55' title='bbox 1295 743 1388 787; x_wconf 84' lang='lat'><strong>133,</strong></span> <span class='ocrx_word' id='word_1_56' title='bbox 1409 753 1471 793; x_wconf 87' lang='lat' dir='ltr'>sq.</span> 
     </span>
    </p>

    <p class='ocr_par' dir='ltr' id='par_1_6' title="bbox 209 806 1168 860">
     <span class='ocr_line' id='line_1_10' title="bbox 209 806 1168 860; baseline -0.008 -6"><span class='ocrx_word' id='word_1_57' title='bbox 209 809 519 860; x_wconf 51' lang='lat' dir='ltr'>Anime—Vide</span> <span class='ocrx_word' id='word_1_58' title='bbox 539 823 694 850; x_wconf 83' lang='lat' dir='ltr'>vocem</span> <span class='ocrx_word' id='word_1_59' title='bbox 713 822 738 849; x_wconf 91' lang='lat' dir='ltr'>e</span> <span class='ocrx_word' id='word_1_60' title='bbox 759 807 868 849; x_wconf 87' lang='lat' dir='ltr'>Cod.</span> <span class='ocrx_word' id='word_1_61' title='bbox 887 806 1023 848; x_wconf 90' lang='lat' dir='ltr'>Paris.</span> <span class='ocrx_word' id='word_1_62' title='bbox 1044 811 1168 848; x_wconf 88' lang='grc'><strong>2423.</strong></span> 
     </span>
    </p>

    <p class='ocr_par' dir='ltr' id='par_1_7' title="bbox 208 874 1625 935">
     <span class='ocr_line' id='line_1_11' title="bbox 208 874 1625 935; baseline -0.004 -14"><span class='ocrx_word' id='word_1_63' title='bbox 208 877 544 935; x_wconf 52' lang='lat' dir='ltr'>Meque—Vide</span> <span class='ocrx_word' id='word_1_64' title='bbox 563 889 733 931; x_wconf 86' lang='lat' dir='ltr'>exemp.</span> <span class='ocrx_word' id='word_1_65' title='bbox 755 890 810 916; x_wconf 85' lang='lat' dir='ltr'>ex</span> <span class='ocrx_word' id='word_1_66' title='bbox 831 875 1082 930; x_wconf 86' lang='lat' dir='ltr'>Etymolog.</span> <span class='ocrx_word' id='word_1_67' title='bbox 1105 875 1245 916; x_wconf 87' lang='lat' dir='ltr'>Paris.</span> <span class='ocrx_word' id='word_1_68' title='bbox 1295 889 1335 916; x_wconf 76' lang='lat' dir='ltr'>V.</span> <span class='ocrx_word' id='word_1_69' title='bbox 1357 875 1491 916; x_wconf 85' lang='lat' dir='ltr'>etiam</span> <span class='ocrx_word' id='word_1_70' title='bbox 1510 874 1625 916; x_wconf 88' lang='lat' dir='ltr'>Gre-</span> 
     </span>
    </p>
   </div>
   <div class='ocr_carea' id='block_1_4' title="bbox 144 951 1624 2287">
    <p class='ocr_par' dir='ltr' id='par_1_8' title="bbox 154 951 424 1004">
     <span class='ocr_line' id='line_1_12' title="bbox 154 951 424 1004; baseline -0.007 -14"><span class='ocrx_word' id='word_1_71' title='bbox 154 961 249 990; x_wconf 70' lang='lat' dir='ltr'>vor.</span> <span class='ocrx_word' id='word_1_72' title='bbox 269 961 311 1004; x_wconf 89' lang='lat' dir='ltr'>p.</span> <span class='ocrx_word' id='word_1_73' title='bbox 329 951 424 990; x_wconf 74' lang='grc'><strong>271.</strong></span> 
     </span>
    </p>

    <p class='ocr_par' dir='ltr' id='par_1_9' title="bbox 147 985 1624 1413">
     <span class='ocr_line' id='line_1_13' title="bbox 152 985 1624 1068; baseline -0.005 -9"><span class='ocrx_word' id='word_1_74' title='bbox 152 985 181 1006; x_wconf 55' lang='grc' dir='ltr'>υ</span> <span class='ocrx_word' id='word_1_75' title='bbox 207 1014 495 1058; x_wconf 78' lang='lat' dir='ltr'>Me&#39;v.—Dixi</span> <span class='ocrx_word' id='word_1_76' title='bbox 525 1014 581 1055; x_wconf 89' lang='lat' dir='ltr'>ad</span> <span class='ocrx_word' id='word_1_77' title='bbox 611 1011 863 1068; x_wconf 92' lang='lat' dir='ltr'>Longinum</span> <span class='ocrx_word' id='word_1_78' title='bbox 883 1010 1068 1052; x_wconf 83' lang='lat' dir='ltr'>Weiskii</span> <span class='ocrx_word' id='word_1_79' title='bbox 1099 1025 1139 1066; x_wconf 91' lang='lat' dir='ltr'>p.</span> <span class='ocrx_word' id='word_1_80' title='bbox 1159 1016 1254 1057; x_wconf 79' lang='lat'>641,</span> <span class='ocrx_word' id='word_1_81' title='bbox 1291 1011 1404 1052; x_wconf 88' lang='lat' dir='ltr'>hanc</span> <span class='ocrx_word' id='word_1_82' title='bbox 1436 1010 1624 1065; x_wconf 86' lang='lat' dir='ltr'>particu-</span> 
     </span>
     <span class='ocr_line' id='line_1_14' title="bbox 149 1075 1623 1139; baseline -0.005 -12"><span class='ocrx_word' id='word_1_83' title='bbox 149 1085 240 1127; x_wconf 82' lang='lat' dir='ltr'>lam</span> <span class='ocrx_word' id='word_1_84' title='bbox 272 1085 463 1139; x_wconf 75' lang='lat' dir='ltr'>itemque</span> <span class='ocrx_word' id='word_1_85' title='bbox 495 1083 680 1124; x_wconf 88' lang='lat' dir='ltr'>alteram</span> <span class='ocrx_word' id='word_1_86' title='bbox 714 1075 760 1121; x_wconf 78' lang='grc' dir='ltr'>δὲ</span> <span class='ocrx_word' id='word_1_87' title='bbox 793 1080 841 1120; x_wconf 92' lang='lat' dir='ltr'>in</span> <span class='ocrx_word' id='word_1_88' title='bbox 867 1079 972 1120; x_wconf 91' lang='lat' dir='ltr'>Cod.</span> <span class='ocrx_word' id='word_1_89' title='bbox 993 1079 1130 1120; x_wconf 89' lang='lat' dir='ltr'>Paris.</span> <span class='ocrx_word' id='word_1_90' title='bbox 1152 1085 1276 1120; x_wconf 89' lang='grc'><strong>2036.</strong></span> <span class='ocrx_word' id='word_1_91' title='bbox 1308 1092 1623 1134; x_wconf 87' lang='lat' dir='ltr'>nonnunquam</span> 
     </span>
     <span class='ocr_line' id='line_1_15' title="bbox 147 1145 1622 1206; baseline -0.005 -10"><span class='ocrx_word' id='word_1_92' title='bbox 147 1153 212 1196; x_wconf 85' lang='lat' dir='ltr'>sic</span> <span class='ocrx_word' id='word_1_93' title='bbox 231 1152 376 1201; x_wconf 80' lang='lat' dir='ltr'><strong>scribi,</strong></span> <span class='ocrx_word' id='word_1_94' title='bbox 395 1147 480 1206; x_wconf 71' lang='grc' dir='ltr'>μὲν,</span> <span class='ocrx_word' id='word_1_95' title='bbox 501 1145 555 1197; x_wconf 63' lang='grc' dir='ltr'>δὲ,</span> <span class='ocrx_word' id='word_1_96' title='bbox 577 1150 759 1191; x_wconf 87' lang='lat' dir='ltr'>fortasse</span> <span class='ocrx_word' id='word_1_97' title='bbox 783 1154 832 1190; x_wconf 85' lang='lat' dir='ltr'>ut</span> <span class='ocrx_word' id='word_1_98' title='bbox 850 1154 1005 1189; x_wconf 88' lang='lat' dir='ltr'>mutua</span> <span class='ocrx_word' id='word_1_99' title='bbox 1031 1161 1186 1189; x_wconf 85' lang='lat' dir='ltr'>earum</span> <span class='ocrx_word' id='word_1_100' title='bbox 1214 1148 1370 1189; x_wconf 87' lang='lat' dir='ltr'>relatio</span> <span class='ocrx_word' id='word_1_101' title='bbox 1399 1147 1622 1203; x_wconf 88' lang='lat' dir='ltr'>significe-</span> 
     </span>
     <span class='ocr_line' id='line_1_16' title="bbox 147 1215 1622 1272; baseline -0.005 -9"><span class='ocrx_word' id='word_1_102' title='bbox 147 1227 236 1263; x_wconf 83' lang='lat' dir='ltr'>tur.</span> <span class='ocrx_word' id='word_1_103' title='bbox 294 1220 495 1262; x_wconf 89' lang='lat' dir='ltr'>Eundem</span> <span class='ocrx_word' id='word_1_104' title='bbox 523 1218 744 1260; x_wconf 87' lang='lat' dir='ltr'>scribendi</span> <span class='ocrx_word' id='word_1_105' title='bbox 773 1230 944 1258; x_wconf 92' lang='lat' dir='ltr'>morem</span> <span class='ocrx_word' id='word_1_106' title='bbox 973 1216 1021 1257; x_wconf 90' lang='lat' dir='ltr'>in</span> <span class='ocrx_word' id='word_1_107' title='bbox 1052 1216 1253 1272; x_wconf 83' lang='lat' dir='ltr'>plurimis</span> <span class='ocrx_word' id='word_1_108' title='bbox 1283 1215 1506 1257; x_wconf 87' lang='lat' dir='ltr'>codicibus</span> <span class='ocrx_word' id='word_1_109' title='bbox 1526 1221 1622 1256; x_wconf 83' lang='lat' dir='ltr'>tam</span> 
     </span>
     <span class='ocr_line' id='line_1_17' title="bbox 147 1284 1622 1343; baseline -0.004 -12"><span class='ocrx_word' id='word_1_110' title='bbox 147 1288 336 1331; x_wconf 72' lang='lat' dir='ltr'>vetustis</span> <span class='ocrx_word' id='word_1_111' title='bbox 372 1301 503 1343; x_wconf 90' lang='lat' dir='ltr'>quam</span> <span class='ocrx_word' id='word_1_112' title='bbox 535 1285 859 1328; x_wconf 88' lang='lat' dir='ltr'>recentioribus</span> <span class='ocrx_word' id='word_1_113' title='bbox 890 1284 1048 1339; x_wconf 90' lang='lat' dir='ltr'>reperi.</span> <span class='ocrx_word' id='word_1_114' title='bbox 1111 1284 1178 1325; x_wconf 93' lang='lat' dir='ltr'>De</span> <span class='ocrx_word' id='word_1_115' title='bbox 1210 1284 1462 1326; x_wconf 84' lang='lat' dir='ltr'>confusione</span> <span class='ocrx_word' id='word_1_116' title='bbox 1493 1284 1622 1338; x_wconf 86' lang='lat' dir='ltr'>hujus</span> 
     </span>
     <span class='ocr_line' id='line_1_18' title="bbox 147 1347 1173 1413; baseline -0.006 -14"><span class='ocrx_word' id='word_1_117' title='bbox 147 1355 373 1413; x_wconf 83' lang='lat' dir='ltr'>particulae</span> <span class='ocrx_word' id='word_1_118' title='bbox 393 1368 494 1396; x_wconf 90' lang='lat' dir='ltr'>cum</span> <span class='ocrx_word' id='word_1_119' title='bbox 513 1347 569 1408; x_wconf 86' lang='grc' dir='ltr'>μὴ</span> <span class='ocrx_word' id='word_1_120' title='bbox 597 1353 687 1394; x_wconf 85' lang='lat' dir='ltr'>dixi</span> <span class='ocrx_word' id='word_1_121' title='bbox 707 1365 844 1407; x_wconf 86' lang='lat' dir='ltr'>supra</span> <span class='ocrx_word' id='word_1_122' title='bbox 862 1351 909 1392; x_wconf 94' lang='lat' dir='ltr'>in</span> <span class='ocrx_word' id='word_1_123' title='bbox 929 1350 1098 1407; x_wconf 69' lang='lat' dir='ltr'>syllaba</span> <span class='ocrx_word' id='word_1_124' title='bbox 1117 1348 1173 1394; x_wconf 67' lang='lat' dir='ltr'>Est.</span> 
     </span>
    </p>

    <p class='ocr_par' dir='ltr' id='par_1_10' title="bbox 144 1418 1620 1819">
     <span class='ocr_line' id='line_1_19' title="bbox 205 1418 1620 1479; baseline -0.004 -13"><span class='ocrx_word' id='word_1_125' title='bbox 205 1422 357 1479; x_wconf 80' lang='grc' dir='ltr'><strong>Μέρος,</strong></span> <span class='ocrx_word' id='word_1_126' title='bbox 374 1421 500 1477; x_wconf 78' lang='grc' dir='ltr'><strong><em>μέσος</em></strong></span> <span class='ocrx_word' id='word_1_127' title='bbox 519 1427 565 1462; x_wconf 92' lang='lat' dir='ltr'>et</span> <span class='ocrx_word' id='word_1_128' title='bbox 585 1418 755 1475; x_wconf 79' lang='grc' dir='ltr'>μέλλων</span> <span class='ocrx_word' id='word_1_129' title='bbox 775 1419 930 1460; x_wconf 89' lang='lat' dir='ltr'>eodem</span> <span class='ocrx_word' id='word_1_130' title='bbox 951 1420 1222 1474; x_wconf 89' lang='lat' dir='ltr'>compendio,</span> <span class='ocrx_word' id='word_1_131' title='bbox 1236 1420 1276 1460; x_wconf 91' lang='lat' dir='ltr'>h.</span> <span class='ocrx_word' id='word_1_132' title='bbox 1285 1434 1321 1460; x_wconf 92' lang='lat' dir='ltr'>e.</span> <span class='ocrx_word' id='word_1_133' title='bbox 1343 1418 1468 1461; x_wconf 67' lang='lat' dir='ltr'>litera</span> <span class='ocrx_word' id='word_1_134' title='bbox 1486 1419 1527 1474; x_wconf 68' lang='grc' dir='ltr'>ᾗ,</span> <span class='ocrx_word' id='word_1_135' title='bbox 1549 1422 1620 1461; x_wconf 90' lang='lat' dir='ltr'>cui</span> 
     </span>
     <span class='ocr_line' id='line_1_20' title="bbox 148 1485 1620 1547; baseline -0.003 -13"><span class='ocrx_word' id='word_1_136' title='bbox 148 1491 450 1547; x_wconf 86' lang='lat' dir='ltr'>superscripta</span> <span class='ocrx_word' id='word_1_137' title='bbox 469 1495 536 1531; x_wconf 88' lang='lat' dir='ltr'>est</span> <span class='ocrx_word' id='word_1_138' title='bbox 557 1490 588 1536; x_wconf 80' lang='grc' dir='ltr'>ἓ,</span> <span class='ocrx_word' id='word_1_139' title='bbox 610 1487 927 1545; x_wconf 86' lang='lat' dir='ltr'>significantur.</span> <span class='ocrx_word' id='word_1_140' title='bbox 987 1486 1101 1528; x_wconf 92' lang='lat' dir='ltr'>Vide</span> <span class='ocrx_word' id='word_1_141' title='bbox 1121 1488 1260 1528; x_wconf 85' lang='lat' dir='ltr'>verba</span> <span class='ocrx_word' id='word_1_142' title='bbox 1284 1485 1362 1528; x_wconf 78' lang='grc' dir='ltr'><strong><em>τοῦ</em></strong></span> <span class='ocrx_word' id='word_1_143' title='bbox 1375 1486 1462 1543; x_wconf 87' lang='lat' dir='ltr'>(ex.</span> <span class='ocrx_word' id='word_1_144' title='bbox 1482 1486 1528 1543; x_wconf 82' lang='lat'>2)</span> <span class='ocrx_word' id='word_1_145' title='bbox 1545 1504 1620 1529; x_wconf 86' lang='grc' dir='ltr'><strong><em>πο-</em></strong></span> 
     </span>
     <span class='ocr_line' id='line_1_21' title="bbox 146 1550 1620 1614; baseline -0.003 -12"><span class='ocrx_word' id='word_1_146' title='bbox 146 1558 312 1602; x_wconf 76' lang='grc' dir='ltr'><strong><em>λιτικοῦ</em></strong></span> <span class='ocrx_word' id='word_1_147' title='bbox 341 1557 476 1614; x_wconf 74' lang='grc' dir='ltr'><strong><em>λόγου</em></strong></span> <span class='ocrx_word' id='word_1_148' title='bbox 513 1555 616 1611; x_wconf 81' lang='grc' dir='ltr'><strong><em>μέρη</em></strong></span> <span class='ocrx_word' id='word_1_149' title='bbox 650 1552 728 1597; x_wconf 79' lang='grc' dir='ltr'><strong><em>εἰσὶ</em></strong></span> <span class='ocrx_word' id='word_1_150' title='bbox 759 1550 787 1596; x_wconf 57' lang='grc' dir='ltr'><em>ὃ</em></span> <span class='ocrx_word' id='word_1_151' title='bbox 820 1568 844 1595; x_wconf 89' lang='lat' dir='ltr'>e</span> <span class='ocrx_word' id='word_1_152' title='bbox 877 1554 982 1596; x_wconf 86' lang='lat' dir='ltr'>Cod.</span> <span class='ocrx_word' id='word_1_153' title='bbox 1005 1554 1216 1612; x_wconf 88' lang='lat' dir='ltr'>Hermog.</span> <span class='ocrx_word' id='word_1_154' title='bbox 1239 1560 1361 1604; x_wconf 88' lang='lat'><strong>1983,</strong></span> <span class='ocrx_word' id='word_1_155' title='bbox 1397 1556 1454 1604; x_wconf 80' lang='grc' dir='ltr'><strong><em>εἷς</em></strong></span> <span class='ocrx_word' id='word_1_156' title='bbox 1490 1555 1620 1609; x_wconf 81' lang='grc' dir='ltr'><em>μέσον</em></span> 
     </span>
     <span class='ocr_line' id='line_1_22' title="bbox 144 1620 1619 1684; baseline -0.004 -14"><span class='ocrx_word' id='word_1_157' title='bbox 144 1626 233 1684; x_wconf 83' lang='lat' dir='ltr'>(ex.</span> <span class='ocrx_word' id='word_1_158' title='bbox 255 1629 298 1680; x_wconf 93' lang='lat' dir='ltr'>l)</span> <span class='ocrx_word' id='word_1_159' title='bbox 327 1627 399 1681; x_wconf 74' lang='grc' dir='ltr'>τῆς</span> <span class='ocrx_word' id='word_1_160' title='bbox 420 1627 502 1680; x_wconf 86' lang='lat' dir='ltr'>(ex.</span> <span class='ocrx_word' id='word_1_161' title='bbox 521 1622 568 1681; x_wconf 88' lang='lat'>3)</span> <span class='ocrx_word' id='word_1_162' title='bbox 593 1623 752 1671; x_wconf 80' lang='grc' dir='ltr'><strong><em>πόλεως</em></strong></span> <span class='ocrx_word' id='word_1_163' title='bbox 773 1638 797 1664; x_wconf 88' lang='lat' dir='ltr'>e</span> <span class='ocrx_word' id='word_1_164' title='bbox 818 1623 910 1664; x_wconf 85' lang='lat' dir='ltr'>cod.</span> <span class='ocrx_word' id='word_1_165' title='bbox 932 1628 1024 1671; x_wconf 88' lang='grc'><strong>133,</strong></span> <span class='ocrx_word' id='word_1_166' title='bbox 1055 1622 1078 1664; x_wconf 84' lang='grc' dir='ltr'>ὁ</span> <span class='ocrx_word' id='word_1_167' title='bbox 1093 1621 1179 1679; x_wconf 81' lang='lat' dir='ltr'>(ex.</span> <span class='ocrx_word' id='word_1_168' title='bbox 1202 1620 1245 1678; x_wconf 88' lang='lat' dir='ltr'>l)</span> <span class='ocrx_word' id='word_1_169' title='bbox 1262 1622 1434 1676; x_wconf 83' lang='grc' dir='ltr'>μέλλων</span> <span class='ocrx_word' id='word_1_170' title='bbox 1454 1623 1619 1678; x_wconf 83' lang='grc' dir='ltr'><strong><em>ὀμόρξω</em></strong></span> 
     </span>
     <span class='ocr_line' id='line_1_23' title="bbox 146 1687 1620 1750; baseline -0.003 -13"><span class='ocrx_word' id='word_1_171' title='bbox 146 1709 204 1737; x_wconf 86' lang='lat' dir='ltr'>ex</span> <span class='ocrx_word' id='word_1_172' title='bbox 222 1694 476 1750; x_wconf 84' lang='lat' dir='ltr'>Etymolog.</span> <span class='ocrx_word' id='word_1_173' title='bbox 493 1691 628 1735; x_wconf 86' lang='lat' dir='ltr'>Paris.</span> <span class='ocrx_word' id='word_1_174' title='bbox 653 1697 778 1733; x_wconf 86' lang='grc'><strong>2630.</strong></span> <span class='ocrx_word' id='word_1_175' title='bbox 837 1691 951 1733; x_wconf 92' lang='lat' dir='ltr'>Vide</span> <span class='ocrx_word' id='word_1_176' title='bbox 973 1704 1101 1732; x_wconf 87' lang='lat' dir='ltr'>voces</span> <span class='ocrx_word' id='word_1_177' title='bbox 1127 1687 1182 1731; x_wconf 84' lang='grc' dir='ltr'>τὰ</span> <span class='ocrx_word' id='word_1_178' title='bbox 1201 1692 1289 1746; x_wconf 86' lang='lat' dir='ltr'>(ex.</span> <span class='ocrx_word' id='word_1_179' title='bbox 1304 1690 1349 1742; x_wconf 91' lang='lat' dir='ltr'>l)</span> <span class='ocrx_word' id='word_1_180' title='bbox 1373 1690 1450 1732; x_wconf 75' lang='grc' dir='ltr'><strong><em>τοῦ</em></strong></span> <span class='ocrx_word' id='word_1_181' title='bbox 1471 1693 1556 1745; x_wconf 86' lang='lat' dir='ltr'>(ex.</span> <span class='ocrx_word' id='word_1_182' title='bbox 1574 1691 1620 1746; x_wconf 90' lang='lat'>5)</span> 
     </span>
     <span class='ocr_line' id='line_1_24' title="bbox 148 1757 1468 1819; baseline -0.005 -13"><span class='ocrx_word' id='word_1_183' title='bbox 148 1762 341 1819; x_wconf 76' lang='grc' dir='ltr'><strong><em>δευτέρου</em></strong></span> <span class='ocrx_word' id='word_1_184' title='bbox 360 1764 443 1816; x_wconf 86' lang='lat' dir='ltr'>(ex.</span> <span class='ocrx_word' id='word_1_185' title='bbox 465 1759 508 1818; x_wconf 89' lang='lat'>1&gt;</span> <span class='ocrx_word' id='word_1_186' title='bbox 526 1759 657 1815; x_wconf 82' lang='grc' dir='ltr'><strong><em>μέσου</em></strong></span> <span class='ocrx_word' id='word_1_187' title='bbox 678 1758 765 1816; x_wconf 88' lang='lat' dir='ltr'>(ex.</span> <span class='ocrx_word' id='word_1_188' title='bbox 782 1757 828 1814; x_wconf 88' lang='grc'>2)</span> <span class='ocrx_word' id='word_1_189' title='bbox 847 1757 1046 1813; x_wconf 82' lang='grc' dir='ltr'><strong><em>ἀορίστου</em></strong></span> <span class='ocrx_word' id='word_1_190' title='bbox 1066 1758 1313 1816; x_wconf 89' lang='lat' dir='ltr'>Etymolog.</span> <span class='ocrx_word' id='word_1_191' title='bbox 1333 1759 1468 1801; x_wconf 88' lang='lat' dir='ltr'>Paris.</span> 
     </span>
    </p>

    <p class='ocr_par' dir='ltr' id='par_1_11' title="bbox 145 1827 1618 2089">
     <span class='ocr_line' id='line_1_25' title="bbox 203 1827 1618 1886; baseline -0.004 -12"><span class='ocrx_word' id='word_1_192' title='bbox 203 1827 325 1874; x_wconf 83' lang='grc' dir='ltr'>Μετὰ</span> <span class='ocrx_word' id='word_1_193' title='bbox 350 1830 588 1886; x_wconf 61' lang='lat' dir='ltr'>saepissime</span> <span class='ocrx_word' id='word_1_194' title='bbox 618 1842 697 1884; x_wconf 91' lang='lat' dir='ltr'>per</span> <span class='ocrx_word' id='word_1_195' title='bbox 726 1827 1035 1883; x_wconf 90' lang='lat' dir='ltr'>compendium</span> <span class='ocrx_word' id='word_1_196' title='bbox 1066 1827 1129 1869; x_wconf 89' lang='lat' dir='ltr'>sic</span> <span class='ocrx_word' id='word_1_197' title='bbox 1159 1828 1379 1875; x_wconf 84' lang='lat' dir='ltr'>scribitur,</span> <span class='ocrx_word' id='word_1_198' title='bbox 1398 1834 1447 1868; x_wconf 85' lang='lat' dir='ltr'>ut</span> <span class='ocrx_word' id='word_1_199' title='bbox 1476 1828 1618 1869; x_wconf 88' lang='lat' dir='ltr'>solum</span> 
     </span>
     <span class='ocr_line' id='line_1_26' title="bbox 145 1894 1617 1955; baseline -0.003 -14"><span class='ocrx_word' id='word_1_200' title='bbox 145 1905 334 1955; x_wconf 87' lang='lat' dir='ltr'>ponatur</span> <span class='ocrx_word' id='word_1_201' title='bbox 355 1898 386 1953; x_wconf 71' lang='grc' dir='ltr'>Ῑι</span> <span class='ocrx_word' id='word_1_202' title='bbox 414 1898 539 1952; x_wconf 92' lang='lat' dir='ltr'>eique</span> <span class='ocrx_word' id='word_1_203' title='bbox 568 1896 820 1951; x_wconf 87' lang='lat' dir='ltr'>imponatur</span> <span class='ocrx_word' id='word_1_204' title='bbox 837 1898 875 1937; x_wconf 65' lang='grc' dir='ltr'><strong>ἦ</strong></span> <span class='ocrx_word' id='word_1_205' title='bbox 936 1894 965 1936; x_wconf 92' lang='lat' dir='ltr'><strong>J</strong></span> <span class='ocrx_word' id='word_1_206' title='bbox 968 1908 1038 1936; x_wconf 91' lang='lat' dir='ltr'>am</span> <span class='ocrx_word' id='word_1_207' title='bbox 1060 1909 1160 1936; x_wconf 89' lang='lat' dir='ltr'>cum</span> <span class='ocrx_word' id='word_1_208' title='bbox 1192 1895 1218 1938; x_wconf 70' lang='grc' dir='ltr'>Τ(</span> <span class='ocrx_word' id='word_1_209' title='bbox 1248 1900 1292 1936; x_wconf 89' lang='lat' dir='ltr'>et</span> <span class='ocrx_word' id='word_1_210' title='bbox 1321 1899 1352 1948; x_wconf 69' lang='grc' dir='ltr'><strong><em>μ</em></strong></span> <span class='ocrx_word' id='word_1_211' title='bbox 1368 1908 1484 1949; x_wconf 87' lang='lat' dir='ltr'>saepe</span> <span class='ocrx_word' id='word_1_212' title='bbox 1502 1909 1617 1936; x_wconf 86' lang='lat' dir='ltr'>com·</span> 
     </span>
     <span class='ocr_line' id='line_1_27' title="bbox 146 1959 1617 2022; baseline -0.003 -13"><span class='ocrx_word' id='word_1_213' title='bbox 146 1972 374 2009; x_wconf 83' lang='lat' dir='ltr'>mutentur</span> <span class='ocrx_word' id='word_1_214' title='bbox 403 1963 522 2022; x_wconf 86' lang='lat' dir='ltr'>(vide</span> <span class='ocrx_word' id='word_1_215' title='bbox 541 1978 673 2019; x_wconf 88' lang='lat' dir='ltr'>supra</span> <span class='ocrx_word' id='word_1_216' title='bbox 693 1964 738 2004; x_wconf 92' lang='lat' dir='ltr'>in</span> <span class='ocrx_word' id='word_1_217' title='bbox 761 1961 953 2020; x_wconf 83' lang='lat' dir='ltr'>Kappa),</span> <span class='ocrx_word' id='word_1_218' title='bbox 984 1963 1115 2005; x_wconf 87' lang='lat' dir='ltr'>etiam</span> <span class='ocrx_word' id='word_1_219' title='bbox 1147 1962 1473 2018; x_wconf 66' lang='lat' dir='ltr'>praepositiones</span> <span class='ocrx_word' id='word_1_220' title='bbox 1505 1959 1617 2005; x_wconf 79' lang='grc' dir='ltr'>κατὰ</span> 
     </span>
     <span class='ocr_line' id='line_1_28' title="bbox 146 2029 1372 2089; baseline -0.005 -12"><span class='ocrx_word' id='word_1_221' title='bbox 146 2041 192 2077; x_wconf 87' lang='lat' dir='ltr'>et</span> <span class='ocrx_word' id='word_1_222' title='bbox 209 2031 317 2089; x_wconf 84' lang='grc' dir='ltr'><strong><em>μετὰ</em></strong></span> <span class='ocrx_word' id='word_1_223' title='bbox 336 2034 530 2076; x_wconf 87' lang='lat' dir='ltr'>confusae</span> <span class='ocrx_word' id='word_1_224' title='bbox 551 2038 664 2073; x_wconf 86' lang='lat' dir='ltr'>sunt.</span> <span class='ocrx_word' id='word_1_225' title='bbox 725 2030 838 2072; x_wconf 91' lang='lat' dir='ltr'>Vide</span> <span class='ocrx_word' id='word_1_226' title='bbox 859 2029 1047 2087; x_wconf 89' lang='lat' dir='ltr'>Gregor.</span> <span class='ocrx_word' id='word_1_227' title='bbox 1069 2045 1109 2086; x_wconf 93' lang='lat' dir='ltr'>p.</span> <span class='ocrx_word' id='word_1_228' title='bbox 1127 2036 1191 2077; x_wconf 89' lang='lat'>69,</span> <span class='ocrx_word' id='word_1_229' title='bbox 1210 2038 1255 2072; x_wconf 90' lang='lat' dir='ltr'>et</span> <span class='ocrx_word' id='word_1_230' title='bbox 1280 2037 1372 2072; x_wconf 74' lang='lat'>405.</span> 
     </span>
    </p>

    <p class='ocr_par' dir='ltr' id='par_1_12' title="bbox 144 2098 1616 2287">
     <span class='ocr_line' id='line_1_29' title="bbox 216 2098 1616 2157; baseline -0.003 -13"><span class='ocrx_word' id='word_1_231' title='bbox 216 2100 394 2157; x_wconf 82' lang='grc' dir='ltr'><strong><em>Μέτρον,</em></strong></span> <span class='ocrx_word' id='word_1_232' title='bbox 428 2098 713 2155; x_wconf 74' lang='grc' dir='ltr'>μετρούμενον,</span> <span class='ocrx_word' id='word_1_233' title='bbox 748 2098 959 2153; x_wconf 74' lang='grc' dir='ltr'>μετρεῖται</span> <span class='ocrx_word' id='word_1_234' title='bbox 995 2098 1175 2153; x_wconf 84' lang='lat' dir='ltr'>alioeque</span> <span class='ocrx_word' id='word_1_235' title='bbox 1207 2100 1360 2140; x_wconf 87' lang='lat' dir='ltr'>formae</span> <span class='ocrx_word' id='word_1_236' title='bbox 1390 2100 1515 2140; x_wconf 91' lang='lat' dir='ltr'>verbi</span> <span class='ocrx_word' id='word_1_237' title='bbox 1545 2115 1616 2153; x_wconf 89' lang='grc' dir='ltr'><strong><em>με-</em></strong></span> 
     </span>
     <span class='ocr_line' id='line_1_30' title="bbox 144 2163 1616 2225; baseline -0.003 -13"><span class='ocrx_word' id='word_1_238' title='bbox 144 2169 334 2225; x_wconf 81' lang='grc' dir='ltr'><strong><em>τρεῖσθαι</em></strong></span> <span class='ocrx_word' id='word_1_239' title='bbox 372 2169 595 2210; x_wconf 88' lang='lat' dir='ltr'>interdum</span> <span class='ocrx_word' id='word_1_240' title='bbox 635 2163 730 2208; x_wconf 66' lang='lat' dir='ltr'>sola</span> <span class='ocrx_word' id='word_1_241' title='bbox 770 2164 940 2221; x_wconf 72' lang='lat' dir='ltr'>syllaba</span> <span class='ocrx_word' id='word_1_242' title='bbox 978 2166 1039 2218; x_wconf 63' lang='grc' dir='ltr'>μῖἑ,</span> <span class='ocrx_word' id='word_1_243' title='bbox 1081 2166 1152 2206; x_wconf 92' lang='lat' dir='ltr'>cui</span> <span class='ocrx_word' id='word_1_244' title='bbox 1181 2166 1233 2219; x_wconf 78' lang='grc' dir='ltr'><strong>ῆὸ</strong></span> <span class='ocrx_word' id='word_1_245' title='bbox 1273 2166 1616 2220; x_wconf 87' lang='lat' dir='ltr'>superscriptum</span> 
     </span>
     <span class='ocr_line' id='line_1_31' title="bbox 145 2231 1614 2287; baseline -0.004 -7"><span class='ocrx_word' id='word_1_246' title='bbox 145 2244 224 2285; x_wconf 83' lang='lat' dir='ltr'>est,</span> <span class='ocrx_word' id='word_1_247' title='bbox 263 2237 523 2278; x_wconf 86' lang='lat' dir='ltr'>indicantur.</span> <span class='ocrx_word' id='word_1_248' title='bbox 604 2233 711 2275; x_wconf 91' lang='lat' dir='ltr'>Inde</span> <span class='ocrx_word' id='word_1_249' title='bbox 744 2239 849 2275; x_wconf 85' lang='lat' dir='ltr'>nata</span> <span class='ocrx_word' id='word_1_250' title='bbox 886 2247 1046 2274; x_wconf 84' lang='lat' dir='ltr'>vocum</span> <span class='ocrx_word' id='word_1_251' title='bbox 1080 2231 1231 2287; x_wconf 74' lang='grc' dir='ltr'><strong><em>μέτρον</em></strong></span> <span class='ocrx_word' id='word_1_252' title='bbox 1265 2239 1308 2274; x_wconf 86' lang='lat' dir='ltr'>et</span> <span class='ocrx_word' id='word_1_253' title='bbox 1340 2231 1614 2287; x_wconf 73' lang='grc' dir='ltr'><strong><em>μετρούμενον</em></strong></span> 
     </span>
    </p>
   </div>
   <div class='ocr_carea' id='block_1_5' title="bbox 145 2305 1613 2427">
    <p class='ocr_par' dir='ltr' id='par_1_13' title="bbox 145 2305 1613 2427">
     <span class='ocr_line' id='line_1_32' title="bbox 145 2305 352 2348; baseline -0.014 0"><span class='ocrx_word' id='word_1_254' title='bbox 145 2305 352 2348; x_wconf 78' lang='lat' dir='ltr'>confusio.</span> 
     </span>
     <span class='ocr_line' id='line_1_33' title="bbox 205 2368 1613 2427; baseline -0.004 -12"><span class='ocrx_word' id='word_1_255' title='bbox 205 2368 528 2427; x_wconf 54' lang='lat' dir='ltr'>Mile—Plurimi</span> <span class='ocrx_word' id='word_1_256' title='bbox 560 2368 715 2412; x_wconf 87' lang='lat' dir='ltr'>scribae</span> <span class='ocrx_word' id='word_1_257' title='bbox 752 2369 952 2410; x_wconf 89' lang='lat' dir='ltr'>codicum</span> <span class='ocrx_word' id='word_1_258' title='bbox 986 2374 1259 2410; x_wconf 86' lang='lat' dir='ltr'>vetustorum</span> <span class='ocrx_word' id='word_1_259' title='bbox 1293 2375 1336 2410; x_wconf 87' lang='lat' dir='ltr'>et</span> <span class='ocrx_word' id='word_1_260' title='bbox 1370 2368 1613 2409; x_wconf 86' lang='lat' dir='ltr'>recentium</span> 
     </span>
    </p>
   </div>
   <div class='ocr_carea' id='block_1_6' title="bbox 144 2438 1616 2833">
    <p class='ocr_par' dir='ltr' id='par_1_14' title="bbox 144 2438 1616 2833">
     <span class='ocr_line' id='line_1_34' title="bbox 145 2438 1612 2496; baseline -0.004 -13"><span class='ocrx_word' id='word_1_261' title='bbox 145 2443 259 2484; x_wconf 90' lang='lat' dir='ltr'>hanc</span> <span class='ocrx_word' id='word_1_262' title='bbox 279 2439 540 2496; x_wconf 84' lang='lat' dir='ltr'>particulam</span> <span class='ocrx_word' id='word_1_263' title='bbox 555 2439 649 2480; x_wconf 92' lang='lat' dir='ltr'>sine</span> <span class='ocrx_word' id='word_1_264' title='bbox 670 2444 853 2480; x_wconf 86' lang='lat' dir='ltr'>accentu</span> <span class='ocrx_word' id='word_1_265' title='bbox 871 2438 1065 2479; x_wconf 88' lang='lat' dir='ltr'>scribere</span> <span class='ocrx_word' id='word_1_266' title='bbox 1087 2451 1137 2479; x_wconf 85' lang='lat' dir='ltr'>ac</span> <span class='ocrx_word' id='word_1_267' title='bbox 1154 2450 1255 2478; x_wconf 91' lang='lat' dir='ltr'>cum</span> <span class='ocrx_word' id='word_1_268' title='bbox 1268 2450 1378 2478; x_wconf 82' lang='lat' dir='ltr'>voce</span> <span class='ocrx_word' id='word_1_269' title='bbox 1392 2444 1612 2491; x_wconf 85' lang='lat' dir='ltr'>sequente,</span> 
     </span>
     <span class='ocr_line' id='line_1_35' title="bbox 145 2504 1613 2559; baseline -0.005 -8"><span class='ocrx_word' id='word_1_270' title='bbox 145 2510 238 2551; x_wconf 88' lang='lat' dir='ltr'>sive</span> <span class='ocrx_word' id='word_1_271' title='bbox 259 2521 286 2550; x_wconf 83' lang='lat' dir='ltr'>a</span> <span class='ocrx_word' id='word_1_272' title='bbox 315 2512 580 2549; x_wconf 83' lang='lat' dir='ltr'>consonante</span> <span class='ocrx_word' id='word_1_273' title='bbox 611 2507 704 2547; x_wconf 87' lang='lat' dir='ltr'>sive</span> <span class='ocrx_word' id='word_1_274' title='bbox 737 2519 763 2546; x_wconf 85' lang='lat' dir='ltr'>a</span> <span class='ocrx_word' id='word_1_275' title='bbox 786 2504 929 2547; x_wconf 86' lang='lat' dir='ltr'>vocali</span> <span class='ocrx_word' id='word_1_276' title='bbox 958 2504 1147 2559; x_wconf 86' lang='lat' dir='ltr'>incipiat,</span> <span class='ocrx_word' id='word_1_277' title='bbox 1170 2509 1432 2545; x_wconf 84' lang='lat' dir='ltr'>connectere</span> <span class='ocrx_word' id='word_1_278' title='bbox 1462 2505 1613 2544; x_wconf 85' lang='lat' dir='ltr'>solent.</span> 
     </span>
     <span class='ocr_line' id='line_1_36' title="bbox 146 2565 1614 2627; baseline -0.005 -9"><span class='ocrx_word' id='word_1_279' title='bbox 146 2575 241 2618; x_wconf 83' lang='lat' dir='ltr'>Ec.</span> <span class='ocrx_word' id='word_1_280' title='bbox 274 2575 420 2618; x_wconf 85' lang='lat' dir='ltr'>scriba</span> <span class='ocrx_word' id='word_1_281' title='bbox 453 2574 494 2615; x_wconf 89' lang='lat' dir='ltr'>S.</span> <span class='ocrx_word' id='word_1_282' title='bbox 528 2573 682 2615; x_wconf 86' lang='lat' dir='ltr'>Germ.</span> <span class='ocrx_word' id='word_1_283' title='bbox 705 2579 799 2615; x_wconf 84' lang='grc'><strong>345.</strong></span> <span class='ocrx_word' id='word_1_284' title='bbox 835 2573 954 2614; x_wconf 86' lang='lat' dir='ltr'>dedit</span> <span class='ocrx_word' id='word_1_285' title='bbox 986 2572 1165 2627; x_wconf 86' lang='grc' dir='ltr'><strong><em>μημένον</em></strong></span> <span class='ocrx_word' id='word_1_286' title='bbox 1198 2586 1280 2627; x_wconf 90' lang='lat' dir='ltr'>pro</span> <span class='ocrx_word' id='word_1_287' title='bbox 1309 2565 1365 2624; x_wconf 85' lang='grc' dir='ltr'>μὴ</span> <span class='ocrx_word' id='word_1_288' title='bbox 1397 2569 1534 2624; x_wconf 84' lang='grc' dir='ltr'><strong><em>μένον,</em></strong></span> <span class='ocrx_word' id='word_1_289' title='bbox 1567 2577 1614 2612; x_wconf 83' lang='lat' dir='ltr'>et</span> 
     </span>
     <span class='ocr_line' id='line_1_37' title="bbox 144 2635 1614 2697; baseline -0.004 -12"><span class='ocrx_word' id='word_1_290' title='bbox 144 2640 286 2697; x_wconf 77' lang='grc' dir='ltr'><strong><em>μηδεὶν</em></strong></span> <span class='ocrx_word' id='word_1_291' title='bbox 306 2656 388 2697; x_wconf 93' lang='lat' dir='ltr'>pro</span> <span class='ocrx_word' id='word_1_292' title='bbox 416 2636 472 2695; x_wconf 87' lang='grc' dir='ltr'>μὴ</span> <span class='ocrx_word' id='word_1_293' title='bbox 501 2640 597 2682; x_wconf 85' lang='grc' dir='ltr'><strong><em>δεῖν.</em></strong></span> <span class='ocrx_word' id='word_1_294' title='bbox 655 2641 769 2683; x_wconf 90' lang='lat' dir='ltr'>Vide</span> <span class='ocrx_word' id='word_1_295' title='bbox 788 2640 922 2682; x_wconf 88' lang='lat' dir='ltr'>etiam</span> <span class='ocrx_word' id='word_1_296' title='bbox 941 2654 1071 2681; x_wconf 86' lang='lat' dir='ltr'>voces</span> <span class='ocrx_word' id='word_1_297' title='bbox 1099 2637 1164 2681; x_wconf 78' lang='grc' dir='ltr'>ἐπὶ</span> <span class='ocrx_word' id='word_1_298' title='bbox 1187 2638 1275 2695; x_wconf 88' lang='lat' dir='ltr'>(ex.</span> <span class='ocrx_word' id='word_1_299' title='bbox 1291 2636 1338 2692; x_wconf 84' lang='lat'>3)</span> <span class='ocrx_word' id='word_1_300' title='bbox 1364 2640 1440 2691; x_wconf 80' lang='grc' dir='ltr'>μιᾷ</span> <span class='ocrx_word' id='word_1_301' title='bbox 1469 2635 1614 2692; x_wconf 73' lang='grc' dir='ltr'><strong><em>γνώμῃ</em></strong></span> 
     </span>
     <span class='ocr_line' id='line_1_38' title="bbox 145 2701 1615 2765; baseline -0.004 -15"><span class='ocrx_word' id='word_1_302' title='bbox 145 2704 201 2764; x_wconf 79' lang='grc' dir='ltr'>μὴ</span> <span class='ocrx_word' id='word_1_303' title='bbox 219 2709 307 2765; x_wconf 83' lang='lat' dir='ltr'>(ex.</span> <span class='ocrx_word' id='word_1_304' title='bbox 324 2707 367 2763; x_wconf 88' lang='lat'>1)</span> <span class='ocrx_word' id='word_1_305' title='bbox 395 2707 529 2761; x_wconf 83' lang='grc' dir='ltr'><strong><em>μένων</em></strong></span> <span class='ocrx_word' id='word_1_306' title='bbox 548 2706 635 2763; x_wconf 84' lang='lat' dir='ltr'>(ex.</span> <span class='ocrx_word' id='word_1_307' title='bbox 655 2706 708 2762; x_wconf 89' lang='lat' dir='ltr'>l),</span> <span class='ocrx_word' id='word_1_308' title='bbox 735 2713 781 2748; x_wconf 84' lang='lat' dir='ltr'>et</span> <span class='ocrx_word' id='word_1_309' title='bbox 805 2704 914 2762; x_wconf 81' lang='grc' dir='ltr'>φασὶ</span> <span class='ocrx_word' id='word_1_310' title='bbox 935 2706 1017 2759; x_wconf 85' lang='lat' dir='ltr'>(ex.</span> <span class='ocrx_word' id='word_1_311' title='bbox 1037 2706 1075 2759; x_wconf 92' lang='lat'>1)</span> <span class='ocrx_word' id='word_1_312' title='bbox 1102 2701 1157 2759; x_wconf 87' lang='grc' dir='ltr'>μὴ</span> <span class='ocrx_word' id='word_1_313' title='bbox 1179 2705 1264 2762; x_wconf 86' lang='lat' dir='ltr'>(ex.</span> <span class='ocrx_word' id='word_1_314' title='bbox 1284 2702 1328 2760; x_wconf 90' lang='lat' dir='ltr'>l)</span> <span class='ocrx_word' id='word_1_315' title='bbox 1357 2702 1442 2745; x_wconf 86' lang='grc' dir='ltr'><strong><em>δεῖν</em></strong></span> <span class='ocrx_word' id='word_1_316' title='bbox 1472 2703 1615 2759; x_wconf 74' lang='grc' dir='ltr'><strong><em>λέγειν</em></strong></span> 
     </span>
     <span class='ocr_line' id='line_1_39' title="bbox 145 2772 1616 2833; baseline -0.004 -15"><span class='ocrx_word' id='word_1_317' title='bbox 145 2775 232 2833; x_wconf 85' lang='lat' dir='ltr'>(ex.</span> <span class='ocrx_word' id='word_1_318' title='bbox 252 2773 305 2831; x_wconf 87' lang='lat'>1).</span> <span class='ocrx_word' id='word_1_319' title='bbox 355 2775 439 2816; x_wconf 91' lang='lat' dir='ltr'>Hic</span> <span class='ocrx_word' id='word_1_320' title='bbox 459 2775 677 2817; x_wconf 87' lang='lat' dir='ltr'>scribendi</span> <span class='ocrx_word' id='word_1_321' title='bbox 691 2788 785 2816; x_wconf 91' lang='lat' dir='ltr'>mos</span> <span class='ocrx_word' id='word_1_322' title='bbox 804 2774 953 2816; x_wconf 87' lang='lat' dir='ltr'>varios</span> <span class='ocrx_word' id='word_1_323' title='bbox 972 2775 1020 2814; x_wconf 92' lang='lat' dir='ltr'>in</span> <span class='ocrx_word' id='word_1_324' title='bbox 1039 2774 1227 2830; x_wconf 87' lang='lat' dir='ltr'>legendo</span> <span class='ocrx_word' id='word_1_325' title='bbox 1243 2786 1417 2814; x_wconf 88' lang='lat' dir='ltr'>errores</span> <span class='ocrx_word' id='word_1_326' title='bbox 1434 2772 1616 2826; x_wconf 90' lang='lat' dir='ltr'>peperit,</span> 
     </span>
    </p>
   </div>
   <div class='ocr_carea' id='block_1_7' title="bbox 148 2842 914 2949">
    <p class='ocr_par' dir='ltr' id='par_1_15' title="bbox 148 2842 914 2949">
     <span class='ocr_line' id='line_1_40' title="bbox 148 2842 886 2899; baseline -0.005 -13"><span class='ocrx_word' id='word_1_327' title='bbox 148 2845 200 2886; x_wconf 88' lang='lat' dir='ltr'>de</span> <span class='ocrx_word' id='word_1_328' title='bbox 220 2844 376 2899; x_wconf 88' lang='lat' dir='ltr'>quibus</span> <span class='ocrx_word' id='word_1_329' title='bbox 395 2857 435 2885; x_wconf 83' lang='lat' dir='ltr'>v.</span> <span class='ocrx_word' id='word_1_330' title='bbox 453 2844 508 2884; x_wconf 87' lang='lat' dir='ltr'>ad</span> <span class='ocrx_word' id='word_1_331' title='bbox 527 2842 715 2898; x_wconf 88' lang='lat' dir='ltr'>Gregor.</span> <span class='ocrx_word' id='word_1_332' title='bbox 738 2857 777 2896; x_wconf 93' lang='lat' dir='ltr'>p.</span> <span class='ocrx_word' id='word_1_333' title='bbox 794 2847 886 2883; x_wconf 84' lang='grc'><strong>295.</strong></span> 
     </span>
     <span class='ocr_line' id='line_1_41' title="bbox 845 2916 914 2949; baseline 0 0"><span class='ocrx_word' id='word_1_334' title='bbox 845 2924 868 2949; x_wconf 79' lang='grc' dir='ltr'><strong>Ε</strong></span> <span class='ocrx_word' id='word_1_335' title='bbox 890 2916 914 2949; x_wconf 89' lang='grc'><strong>2</strong></span> 
     </span>
    </p>
   </div>
  </div>
 </body>
</html>
