1976 3288
647 236 714 264 πε
739 224 919 264 summm
944 236 1110 263 u'rnms.
1578 224 1628 264 15

212 333 416 377 ctat—ln
456 330 675 389 scriptura
707 331 865 374 unciali
891 330 1065 372 Codicis
1088 331 1229 373 Palat.
1253 337 1348 374 398.
1372 333 1468 374 haec
1498 332 1631 373 litera

151 415 243 445 non
265 401 410 444 differt
430 414 458 442 a
475 400 724 442 minusculo
744 399 836 442 Chi..
894 412 937 440 v.
952 396 1252 456 Ἵναχος.-Ιιι
1278 400 1419 442 titulis
1447 399 1629 455 aliisque

151 471 446 513 monumentis
479 468 560 511 Chi
591 469 815 510 interdum
849 467 911 508 sic
941 467 1170 515 formatur,
1202 478 1237 514 -ι-
1251 499 1261 508 .
1324 467 1375 509 In
1410 468 1631 509 codicibus

147 551 351 595 perquam
379 538 551 579 vetustis
582 536 746 582 eadem,
776 541 825 576 ut
855 540 976 589 put0‚
1006 535 1152 576 forma
1185 537 1394 578 obtinuit.
1463 536 1561 576 Hoc
1594 534 1631 576 si

151 612 295 662 ponas
327 605 542 658 simulque
573 604 822 645 consideres
853 603 1043 644 formam
1073 602 1217 644 literae
1249 604 1345 646 Tau
1375 608 1421 648 in
1451 609 1632 649 vocibus

151 672 347 722 τοιοῦτος.
368 668 438 714 διὰ
460 670 544 717 τοῦ,
565 669 611 727 (e
631 670 735 712 Cod
757 669 798 710 S.
820 669 978 711 Germ.
1002 673 1116 722 345.)
1134 671 1266 713 facile
1291 673 1529 732 intelligas,
1552 689 1632 716 cur

154 740 297 785 literae
313 743 349 798 ᾗῇ
366 747 414 782 et
434 742 463 781 ῖ-
481 745 762 781 commutatae
786 738 882 779 sint.

212 807 366 863 Neque
402 807 547 849 rarior
585 812 652 847 est
690 805 972 846 commutatio
1006 805 1239 848 literarum
1268 810 1306 865 ᾗ
1330 817 1374 851 et
1403 805 1445 853 Χ.
1515 811 1632 854 Nam

155 874 195 922 oi
208 879 242 919 λ
258 874 376 918 infra
405 874 568 916 lineam
598 874 869 930 producitur,
892 874 1128 915 accedente
1155 876 1367 918 minutulo
1392 879 1539 928 ductu,
1559 882 1634 935 qui

155 943 280 990 illam
306 944 483 986 literam
512 949 744 984 connectat
774 955 874 983 cum
902 941 1100 996 proxime
1129 952 1348 998 sequente,
1368 948 1561 989 nascitur
1581 963 1636 990 ex

158 1009 213 1055 οὗ
231 1005 276 1068 Ξ.
336 1010 451 1054 Vide
473 1024 619 1059 voces,
640 1006 759 1056 ἑλὼν,
780 1005 948 1063 λειμὼν,
970 1005 1096 1067 ἔχων,
1113 1008 1281 1068 χειμὼν,
1304 1012 1351 1070 (e
1370 1013 1474 1055 Cod.
1498 1015 1634 1058 Paris.

160 1075 305 1134 2423).
375 1077 543 1120 Rursus
570 1078 714 1120 scriba
741 1077 912 1119 Codicis
941 1077 984 1119 S.
1012 1077 1163 1120 Germ.
1196 1084 1294 1121 345.
1324 1082 1483 1136 passim
1511 1084 1551 1141 ᾗ
1574 1084 1637 1125 sic

159 1146 317 1204 pingit,
355 1152 406 1188 ut
443 1146 571 1188 facile
608 1146 743 1201 possit
792 1160 876 1201 pro
914 1147 946 1188 λ’
983 1146 1146 1189 haberi.
1226 1147 1341 1190 Vide
1378 1164 1535 1192 vocem
1574 1148 1644 1194 55

158 1210 396 1272 (Χριστοῦ).

217 1281 418 1337 Denique
442 1280 586 1322 scriba
611 1280 780 1322 Codicis
802 1280 843 1322 S.
867 1280 1019 1323 Germ.
1042 1288 1137 1324 345.
1159 1284 1335 1325 literam
1357 1287 1391 1342 ᾖ
1411 1287 1542 1328 etiam
1572 1289 1636 1329 sic

161 1351 314 1408 pingit,
334 1355 386 1391 ut
404 1349 661 1390 nonnullam
680 1349 843 1390 habeat
863 1350 1188 1391 similitudinem
1220 1365 1320 1392 cum
1339 1348 1374 1393 Ξ.
1414 1366 1453 1391 v.
1469 1352 1637 1411 τροχῶν

162 1433 220 1463 ex
249 1417 432 1461 articulo
459 1416 484 1470 ἡ
506 1415 595 1472 (ex.
610 1415 656 1470 3)
675 1413 759 1459 ἀπὸ
786 1420 870 1463 (ex.
889 1422 926 1465 l)
950 1416 1035 1460 τῶν
1061 1426 1145 1469 (ex.
1165 1423 1208 1469 2)
1238 1418 1407 1477 τροχῶν
1436 1415 1639 1474 ἔντμησις.

164 1485 312 1530 Voces
341 1484 459 1528 ὀκνεῖ
482 1483 681 1536 εὐλαβῶς
709 1481 795 1542 ἔχει
821 1484 908 1539 (ex.
927 1484 981 1539 l),
1003 1500 1028 1527 e
1048 1485 1203 1528 Timaei
1228 1486 1387 1529 Lexico
1413 1487 1641 1530 Platonico

166 1559 351 1609 sumptae
370 1558 486 1595 sunt.

228 1686 304 1731 Psi
323 1689 371 1730 in
390 1688 606 1744 scriptura
624 1689 793 1731 Codicis
811 1689 946 1731 Palat.
969 1696 1062 1731 398.
1084 1696 1130 1731 et
1150 1691 1311 1733 unciali
1331 1698 1377 1732 et
1397 1691 1638 1734 minuscula

165 1757 228 1799 sic
266 1756 500 1813 effingitur,
534 1764 583 1798 ut
619 1757 849 1798 ostendunt
885 1771 1016 1798 voces
1049 1753 1159 1812 γὺψ,
1193 1757 1427 1812 πέμψηται,
1456 1756 1640 1814 ἔῤῥιψεν.

165 1823 283 1874 Hinc
301 1831 399 1867 orta
417 1825 616 1866 confusio
636 1825 764 1880 hujus
782 1824 921 1866 literae
942 1839 1042 1866 cum
1059 1826 1097 1872 ἱ,
1120 1827 1293 1880 quando
1323 1827 1476 1869 ductus
1509 1841 1643 1883 super

167 1894 331 1936 lineam
349 1899 581 1949 porrectus
600 1893 791 1939 evanuit,
814 1899 889 1934 aut
908 1893 970 1934 ita
988 1892 1129 1935 tenuis
1147 1901 1226 1942 est,
1248 1902 1296 1936 ut
1315 1896 1465 1936 oculos
1485 1895 1642 1951 fugiat.

169 1975 210 2004 v.
228 1958 480 2015 μετάληψις-

233 2095 566 2154 Orneym—Qua
579 2111 694 2138 nunc
709 2097 757 2138 in
773 2098 935 2139 unciali
952 2098 1183 2153 alphabeto
1201 2099 1346 2140 forma
1360 2099 1486 2155 hujus
1504 2100 1643 2142 literae

170 2162 338 2206 utimur
366 2163 413 2205 in
446 2164 668 2206 codicibus
701 2178 811 2219 quos
844 2171 1037 2206 vetustos
1069 2166 1166 2206 dico
1196 2179 1412 2220 nusquam
1445 2168 1645 2209 occurrit.

173 2228 363 2273 Librarii
393 2230 608 2273 Codicum
637 2231 775 2274 Palat.
809 2237 904 2273 398.
935 2239 980 2273 et
1007 2232 1173 2274 Platon.
1200 2238 1325 2273 1807.
1350 2235 1567 2289 quomodo
1599 2235 1646 2276 in

172 2297 336 2338 unciali
372 2297 586 2354 scriptura
628 2298 784 2354 Omeqa
821 2299 1016 2342 formare
1062 2301 1243 2348 soleant,
1282 2302 1512 2343 ostendunt
1551 2316 1643 2344 voc.

172 2363 445 2415 Ἀπόλλωνος,
464 2365 624 2422 λαγῶς,
646 2364 902 2415 ἁπλῶς-ὡς
911 2365 999 2422 (ex.
1014 2367 1070 2422 6),
1085 2363 1287 2424 Ἅφωφις,
1301 2369 1328 2410 “r'
1342 2367 1429 2425 (ex.
1444 2367 1501 2424 3),
1517 2366 1645 2423 ὥρας.

233 2432 286 2474 In
306 2433 410 2475 Cod.
433 2435 476 2475 S.
493 2432 642 2476 Germ.
666 2441 760 2476 345.
785 2435 941 2491 Omeqa
961 2437 1213 2478 minusculae
1232 2437 1458 2491 scripturae
1479 2439 1647 2479 accedit

174 2501 231 2545 ad
245 2503 369 2544 Beta.
409 2503 439 2544 J
442 2516 514 2544 am
534 2517 634 2544 cum
652 2504 735 2545 hoc
751 2502 862 2546 Beta
882 2504 1024 2546 simile
1044 2504 1101 2546 sit
1119 2505 1258 2546 literae
1275 2505 1428 2561 Alplm,
1446 2518 1547 2546 cum
1562 2503 1647 2559 qua

174 2567 275 2610 ideo
314 2570 520 2612 confundi
564 2571 727 2612 ibidem
765 2572 1018 2618 videbimus,
1059 2587 1190 2614 nemo
1229 2572 1472 2618 mirabitur,
1512 2572 1648 2613 etiam

178 2635 320 2692 Alpha
342 2643 386 2678 et
407 2637 565 2694 Omeya
594 2641 757 2694 passim
787 2647 1058 2682 commutata
1086 2655 1194 2682 esse.
1254 2640 1341 2681 Sed
1370 2641 1497 2695 hujus
1527 2654 1646 2680 com-

178 2703 430 2746 mutationis
458 2706 543 2747 alia
572 2707 707 2748 etiam
726 2709 840 2750 ratio
860 2709 983 2750 reddi
1002 2715 1156 2764 potest.
1220 2707 1278 2750 V.
1305 2708 1423 2748 infra
1443 2721 1647 2762 compen·

179 2769 299 2812 dium
316 2770 395 2813 τοῦ·
407 2776 446 2814 Ω
466 2772 669 2829 μεγάλου,
689 2776 766 2818 ubi
786 2777 917 2818 simul
939 2777 1143 2831 exempla
1161 2781 1576 2817 commemorantur.
