1976 3288
341 217 399 257 40
852 229 1117 257 mvi-:omnum
1142 229 1293 257 vocum.

386 273 395 289 Ι

337 326 568 370 indicetur,
590 337 744 364 vocem
773 338 863 365 non
893 325 1020 379 plene
1047 326 1253 378 scriptam
1284 338 1387 366 esse.
1449 323 1579 366 Hanc
1601 325 1808 368 lineolam

336 381 507 435 librarii
538 405 654 433 nunc
688 392 867 439 addunt,
895 401 1015 433 nunc
1047 392 1270 432 omittunt.
1331 391 1436 433 Jam
1470 391 1648 446 quinam
1682 405 1810 437 casus

334 459 518 515 singulis
537 459 643 500 locis
662 459 976 516 intelligendus
999 460 1070 505 sit,
1093 459 1220 500 docet
1249 472 1365 500 nunc
1394 460 1601 500 articulus
1630 465 1809 515 antepo-

334 527 454 574 situs,
486 523 547 575 τὸ,
580 526 665 574 τοῦ,
691 534 774 570 etc.
795 542 911 569 nunc
942 528 1167 582 praemissa
1194 527 1458 582 praepositio,
1478 542 1596 569 nunc
1626 530 1809 571 omnino

335 601 570 637 contextus
604 596 823 638 orationis.
885 595 1036 650 Itaque
1067 609 1169 658 non!
1187 594 1361 643 mirum,
1393 595 1438 636 111
1466 596 1665 651 legendis
1693 597 1810 638 codi-

333 663 455 704 cibus
486 669 555 704 tot
588 664 720 719 objici
749 663 1032 704 difficultates.
1084 659 1170 718 ἆρβ
1202 662 1401 716 (accentu
1432 663 1637 717 imposito
1663 664 1807 720 Alpha

333 729 625 786 superstanti)
643 731 763 774 valet
784 727 991 785 ἁρμάτοιν
1011 736 1057 771 61
1078 728 1291 785 ἁρμάτων.

377 799 615 854 Participia
633 798 680 839 in
698 814 808 840 ουσα
829 799 1135 855 compendiose
1152 800 1214 841 sic
1231 799 1499 848 scribuntur,
1513 805 1562 841 ut
1583 801 1606 842 ξ
1618 806 1809 855 ponatur

330 880 460 921 super
488 874 799 909 consonantem
831 869 1173 917 antecedentem,
1192 868 1459 924 syllabaeque
1489 869 1549 910 σ-ἆ
1568 869 1806 911 omittatur.

329 934 453 975 Conf.
487 948 616 976 voces
651 934 988 990 ὑπερβάλλουσα
1030 932 1231 992 συμφορὰ
1264 951 1288 978 6
1321 935 1428 978 Cod.
1457 935 1499 978 S.
1533 935 1686 978 Germ.
1706 940 1806 978 345.

328 1000 494 1042 Eodem
507 1003 765 1057 compendio
780 1004 1030 1045 scribuntur
1048 1005 1231 1059 syllabae
1247 1004 1400 1045 finales
1421 1018 1550 1051 ουσιν,
1564 1017 1661 1058 quae
1677 1018 1808 1047 causa

330 1075 394 1110 est
414 1083 494 1110 cur
514 1076 610 1111 tam
630 1071 759 1112 facile
781 1071 1103 1113 confundantur
1122 1087 1231 1113 ουσα
1251 1078 1295 1113 61
1315 1086 1442 1112 ουσιν.

385 1136 511 1178 Alius
530 1138 687 1179 modus
707 1139 889 1180 nomina
907 1138 953 1180 in
973 1140 1035 1193 Ῑιῖι
1055 1138 1300 1180 desinentia
1325 1139 1374 1180 in
1394 1138 1591 1195 genitivo
1617 1137 1806 1180 caeteris-

329 1218 412 1257 que
446 1205 621 1246 casibus
653 1206 958 1260 compendiose
990 1208 1212 1249 scribendi
1244 1208 1327 1249 huc
1359 1208 1483 1255 redit,
1504 1213 1554 1249 ut
1573 1205 1604 1250 ’ἶ
1620 1220 1755 1261 super
1776 1209 1806 1249 ἆ

326 1273 569 1323 scribatur3
601 1288 637 1314 6.
649 1288 683 1315 6.
704 1273 782 1315 τοῦ
799 1270 937 1327 στόμᾶ
960 1289 1042 1329 pro
1062 1274 1140 1317 τοῦ
1156 1275 1376 1330 στόματος.

384 1340 450 1381 Ι)6
485 1342 616 1383 tertio
649 1342 781 1383 modo
814 1343 908 1384 haec
942 1343 1124 1385 nomina
1154 1343 1200 1384 in
1235 1345 1432 1400 genitivo
1465 1349 1544 1385 etc.
1571 1357 1651 1398 per
1685 1358 1803 1386 com-

324 1409 485 1463 pendia
503 1410 722 1452 scribendi
742 1424 782 1451 v,
805 1411 925 1452 infra
944 1425 1037 1453 voc.
1061 1410 1327 1465 καλούμενος.

378 1474 573 1525 Ἀττικὸς,
594 1475 971 1525 ’A-mxssg.—Duae
992 1479 1060 1520 hae
1081 1493 1226 1527 voces,
1247 1486 1292 1520 et
1312 1481 1435 1534 prior
1462 1480 1636 1534 quidem
1663 1479 1802 1520 omni-

324 1545 406 1584 bus
430 1546 477 1585 in
501 1543 672 1586 casibus
705 1552 749 1586 et
781 1547 1033 1602 generibus,
1054 1561 1152 1602 quae
1182 1562 1355 1602 quoque
1380 1548 1478 1589 loco
1504 1562 1529 1588 e
1559 1548 1672 1589 serie
1703 1561 1802 1590 ora-

324 1613 458 1654 tionis
479 1615 685 1655 eruendae
708 1621 823 1662 sunt,
845 1616 891 1656 in
913 1615 1018 1658 Cod.
1034 1617 1076 1658 S.
1091 1616 1243 1658 Germ.
1261 1622 1355 1658 345.
1377 1615 1556 1671 aliisque
1579 1615 1801 1658 codicibus

324 1696 405 1736 per
443 1682 703 1737 compendia
734 1683 795 1724 sic
835 1684 1093 1740 pinguntur,
1127 1691 1175 1726 ut
1209 1685 1442 1726 ostendunt
1476 1683 1562 1725 tria
1599 1684 1802 1739 exempla

323 1751 410 1792 tab.
429 1764 486 1791 ιν.
544 1749 700 1791 Monui
723 1751 778 1791 ad
798 1750 992 1807 Gregor.
1013 1766 1055 1806 p.
1073 1757 1165 1799 184,
1187 1758 1463 1806 postremum
1483 1752 1732 1806 exemplum
1751 1752 1798 1793 in

324 1816 428 1858 Cod.
463 1816 506 1858 S.
539 1816 690 1858 Germ.
722 1816 932 1868 Moeridis,
965 1834 1005 1861 V.
1027 1815 1240 1876 χρήματα,
1271 1821 1362 1877 legi
1394 1825 1599 1875 oportere
1639 1816 1800 1862 ἀττικοὶ

323 1899 413 1926 11011
437 1883 636 1933 ἀττικῶςε
667 1885 872 1940 idemque
903 1887 1022 1928 valet
1052 1889 1106 1928 de
1137 1887 1324 1929 articulo
1357 1889 1568 1939 ναυττιᾷν,
1590 1886 1725 1928 citato
1752 1886 1800 1928 in

323 1953 521 2008 Append.
542 1968 581 2008 p.
597 1959 660 2000 15,
681 1953 758 1994 ubi
783 1967 863 2007 per
884 1967 1084 1995 errorem
1105 1953 1284 2003 ἀττικῶς
1303 1969 1386 2009 pro
1413 1950 1585 2000 ἀττικοὶ,
1611 1959 1655 1995 61
1674 1953 1799 2006 ἑλλη-

325 2021 447 2070 νικῶς
476 2037 557 2077 pro
584 2022 808 2074 “Eaness
830 2022 998 2078 scripsi.
1073 2021 1190 2064 Nam
1225 2029 1429 2064 accentus
1463 2035 1595 2077 super
1628 2023 1650 2062 ἓ
1680 2020 1799 2076 (vide

322 2104 454 2131 voces
487 2092 698 2144 ναυττιᾷν,
718 2089 763 2131 ἓν
782 2089 870 2137 τοῖς
887 2084 922 2141 ,ἶ
939 2087 1003 2132 τ-τ.
1035 2088 1208 2137 ἀττικοὶ,
1235 2090 1425 2137 ναυσιᾶν,
1447 2086 1643 2145 ἕλληνες)
1663 2089 1801 2131 mani·

322 2158 432 2199 festo
472 2159 660 2199 ostendit
699 2158 1007 2212 compendium
1045 2158 1153 2199 illud
1191 2159 1434 2214 legendum
1467 2171 1564 2199 esse
1602 2153 1797 2209 ἑλληνεςε

320 2224 460 2281 igitur
479 2226 615 2267 etiam
635 2219 664 2268 ἆ
683 2226 775 2282 legi
796 2226 926 2267 debet
947 2222 1119 2267 ἀττικοί.

380 2293 447 2334 Ι)6
478 2293 736 2334 confusione
756 2292 875 2335 facili
894 2292 1072 2334 secundi
1093 2292 1340 2347 compendii
1358 2292 1475 2335 vocis
1496 2290 1677 2341 ἀττικῶς
1699 2306 1798 2334 cum

323 2360 502 2401 vocibus
522 2358 615 2402 ἀντὶ
634 2359 712 2401 τοῦ
729 2361 818 2402 dixi
839 2375 982 2416 supra,
1006 2376 1047 2402 v.
1068 2357 1160 2403 ἀντὶ
1181 2360 1267 2403 τοῦ.

381 2418 1101 2483 Adeundramov.-'Compendium
1120 2430 1246 2485 hujus
1266 2429 1394 2476 vocis,
1417 2429 1541 2484 cujus
1563 2429 1612 2471 fit
1633 2428 1796 2471 mentio

321 2495 460 2550 Epist.
481 2501 625 2551 p.l3l,
647 2503 869 2551 sumptum
890 2503 954 2538 est
973 2511 997 2538 e
1020 2496 1122 2538 cod.
1143 2496 1185 2537 S.
1207 2496 1360 2537 Germ.
1387 2501 1478 2538 1¹77.

377 2561 673 2620 Ἀχιλλεύς.-
686 2563 800 2606 Vide
839 2578 972 2618 supra
1010 2577 1050 2604 v,
1087 2559 1275 2612 Αἰολεὺς,
1310 2570 1355 2605 61
1395 2564 1448 2604 (16
1487 2562 1711 2621 Ἀχιλλῆος
1748 2564 1796 2605 111

321 2630 509 2673 Scholiis
531 2631 779 2674 Homericis
807 2645 1045 2687 perperam
1071 2632 1185 2673 lecto
1215 2645 1297 2686 pro
1326 2629 1564 2688 Ἀχιλλέως,
1593 2644 1634 2671 v,
1661 2643 1797 2686 supra

319 2699 493 2742 literam
513 2700 717 2742 Lambda.
778 2700 920 2742 Simili
949 2702 1097 2756 lapsus
1129 2714 1283 2742 errore
1303 2699 1570 2741 Villoisonus
1591 2697 1638 2739 in
1658 2697 1796 2753 Apol-

320 2768 439 2810 lonio
460 2784 499 2810 v·
521 2763 670 2824 ποιμὴν
689 2784 729 2825 p.
750 2774 844 2810 668.
865 2769 999 2810 edidit
1021 2764 1095 2811 τὸν
1115 2768 1289 2822 βασιλῆ,
1313 2769 1554 2824 permiram
1584 2769 1631 2809 in
1661 2768 1794 2822 scrip-

321 2834 376 2875 tis
405 2834 749 2880 Scholiastarum
781 2837 958 2893 aliisque
989 2838 1191 2883 formam,
1214 2850 1295 2891 pro
1326 2851 1378 2878 eo
1410 2837 1524 2891 quod
1554 2835 1793 2879 secundum

1954 1825 1976 1981 Ξ
