1976 3288
333 233 391 274 28
795 250 1055 277 smGULARUM
1078 251 1357 279 SYLLABARUM.

402 351 462 388 17.
496 345 686 402 Syllabae
714 344 1186 388 31.-Vetustissimam
1215 354 1364 388 notam
1392 348 1519 404 hujus
1551 349 1813 407 diphthongi

337 416 574 456 ostendunt
594 427 725 455 voces
746 411 887 462 λοιπὰ,
911 430 935 456 6
956 414 1058 456 Cod.
1079 414 1292 472 Hermog.
1315 421 1437 458 1983.
1461 424 1504 459 et
1530 418 1644 472 κοινῇ
1663 432 1687 459 6
1706 417 1810 460 Cod.

337 484 378 524 S.
396 484 545 525 Germ.
566 488 673 524 345:
716 483 1021 530 recentiorem,
1042 497 1174 525 voces
1203 482 1354 537 μέντοι,
1388 483 1623 540 ἀνευρίσκω
1654 501 1680 528 6
1705 485 1812 528 cod.

335 552 438 594 Vat.
458 559 552 594 305.
576 558 621 593 et
641 551 818 593 ποιεῖται
847 567 871 593 6
892 551 995 592 Cod.
1018 552 1151 594 Paris.
1172 558 1295 594 2551.
1354 553 1443 596 Ubi
1463 555 1634 610 syllaba
1653 554 1693 597 οἳ
1721 569 1812 597 11011

334 635 415 676 per
435 622 745 677 compendium
765 621 930 675 scripta
951 627 1079 669 esset,
1095 620 1320 663 interdum
1340 623 1691 665 confundebatur
1710 637 1812 665 cum

334 686 463 730 litera
478 688 620 745 Alpha
640 688 700 730 sic
722 687 874 734 efficta,
890 693 937 728 ut
954 687 1000 728 in
1021 685 1183 742 ἀναιρῶ
1200 702 1256 729 ex
1269 688 1459 744 Etymol.
1476 691 1663 732 Sorbon.
1711 690 1813 732 vide

334 770 465 798 voces
484 750 605 798 ἄλλα
624 755 710 812 (ex.
728 754 772 809 2)
792 761 835 795 et
860 749 1000 796 ἄλλοι.

413 835 475 871 18.
517 829 708 885 Syllabae
734 828 920 876 Hi.—In
951 828 1186 872 Codicibus
1217 829 1388 872 Platon.
1410 837 1530 874 1807.
1557 831 1692 874 Palat.
1714 837 1814 875 398.

335 903 380 939 et
402 899 445 939 S.
461 897 616 939 Germ.
639 902 734 938 345.
756 897 848 938 haee
869 897 1041 952 syllaba
1068 912 1149 953 per
1176 899 1486 954 compendium
1507 900 1570 941 sic
1590 900 1814 950 scribitur,

336 972 385 1007 ut
418 966 576 1007 docent
606 980 738 1007 voces
777 965 865 1013 τοῖς
891 963 1038 1021 (63.1)
1068 961 1143 1020 μὲν
1163 966 1252 1022 (6Χ.
1270 964 1316 1022 3)
1347 960 1420 1008 οὖν
1439 967 1525 1024 (ex,
1544 966 1591 1024 2)
1622 969 1811 1018 πολλοῖς,

334 1034 422 1082 τοῖς
441 1034 523 1088 (ex.
542 1032 588 1089 2)
614 1034 776 1082 κοινοῖς,
809 1033 895 1082 τοῖς
923 1032 1011 1090 (ex.
1028 1033 1070 1090 1)
1100 1035 1278 1091 ἐχθροῖς.
1346 1034 1397 1076 In
1426 1036 1583 1078 ultimo
1609 1037 1813 1092 exemplo

336 1110 445 1144 nota
465 1102 812 1158 tachygraphica
838 1102 1020 1156 syllabae
1049 1104 1109 1151 ο’“ῐς“
1138 1116 1263 1157 paene
1291 1103 1496 1160 congruit
1521 1117 1621 1145 cum
1651 1103 1813 1147 lineola

334 1170 637 1226 superscripta,
661 1185 757 1226 quae
787 1170 1007 1227 significat
1035 1175 1059 1212 17
1086 1178 1162 1212 aut
1184 1174 1227 1213 ἆ.
1287 1171 1613 1214 Posterioribus
1643 1179 1812 1228 tempo-

334 1239 466 1285 ribus,
488 1253 589 1281 cum
611 1240 848 1296 angulosus
870 1240 1027 1280 ductus
1057 1239 1104 1280 in
1133 1241 1375 1281 rotundum
1403 1241 1622 1290 transiret,
1643 1243 1814 1298 syllaba

333 1309 394 1358 0—13
414 1308 475 1350 sic
505 1308 788 1364 pingebatur,
807 1314 857 1348 ut
883 1307 930 1349 in
950 1309 1133 1350 vocibus
1160 1307 1246 1356 τοῖς
1266 1307 1355 1364 (ex.
1373 1306 1419 1365 4)
1449 1308 1617 1366 ἐχυροῖς
1646 1308 1812 1367 χώροις,

335 1376 589 1431 σπληνικοῖς,
631 1376 719 1425 τοῖς
749 1375 837 1433 (ex.
856 1374 900 1432 4)
937 1377 1143 1431 ποταμοῖς
1182 1392 1206 1418 6
1242 1377 1347 1418 Cod.
1361 1378 1504 1420 Vatic.
1529 1381 1625 1418 305.
1703 1376 1813 1418 Haec

335 1445 471 1486 etiam
505 1451 621 1492 nota,
658 1445 831 1500 quando
867 1446 913 1486 in
947 1446 1219 1487 membranis
1257 1445 1557 1487 semievanida
1587 1450 1704 1486 esset
1739 1451 1815 1486 aut

336 1515 485 1555 oculos
516 1514 659 1555 minus
694 1513 860 1562 feriret,
892 1528 1211 1569 nonnunquam
1241 1529 1323 1570 pro
1356 1514 1628 1569 apostropho
1660 1515 1814 1558 habita

335 1595 435 1622 cum
455 1579 594 1636 eaque
615 1583 800 1623 confusa
819 1589 900 1624 est.
1635 1581 1637 1583 ’

396 1661 460 1696 19.
493 1655 683 1711 Syllabae
705 1656 970 1713 <Tui—Hujus
993 1658 1172 1713 syllabae
1202 1659 1364 1713 duplex
1396 1657 1704 1713 compendium
1733 1663 1812 1698 est.

334 1724 456 1766 Nam
472 1724 693 1766 indicatur
711 1732 785 1766 aut
804 1724 967 1768 lineola
989 1725 1300 1782 superscripta,
1318 1741 1415 1782 quae
1431 1741 1486 1768 ex
1502 1723 1664 1783 regula
1682 1725 1813 1780 duplo

333 1793 510 1849 longior
540 1799 608 1834 est
638 1800 821 1835 accentu
852 1796 980 1851 gravi
1009 1796 1343 1850 typothetarum
1371 1802 1657 1837 nostrorum:
1698 1795 1811 1836 conf.

335 1860 504 1918 φράσον
520 1867 565 1902 et
586 1860 818 1916 ἀράμενονε
852 1869 928 1903 aut
944 1863 1241 1918 superscripto
1263 1863 1296 1911 ὃ,
1314 1865 1430 1919 quod
1450 1863 1535 1905 etsi
1554 1864 1812 1919 plerumque

334 1929 644 1984 compendium
684 1935 750 1971 est
791 1931 973 1985 syllabae
1014 1934 1068 1980 ο-ς,
1107 1939 1257 1974 tamen
1297 1946 1324 1974 a
1357 1933 1581 1974 nonnullis
1620 1932 1813 1974 librariis

333 1997 468 2039 etiam
505 1998 560 2038 ad
593 1997 927 2054 significandam
966 2001 1185 2055 syllabam
1219 2000 1266 2042 ο“ν
1300 2007 1548 2057 usurpatur.
1607 2001 1812 2043 Priorem

332 2072 487 2107 notam
507 2079 622 2120 saepe
642 2067 894 2108 habuerunt
915 2083 997 2123 pro
1017 2069 1111 2124 ipso
1142 2076 1324 2111 accentu
1354 2069 1494 2126 gravi,
1514 2070 1699 2125 ideoque
1727 2069 1812 2124 syl-

333 2135 480 2175 labam
503 2130 552 2175 οἳ
568 2135 875 2191 neglexerunt,
896 2136 972 2178 ubi
991 2138 1085 2193 legi
1108 2152 1206 2179 eam
1233 2144 1472 2192 oporteret.
1534 2137 1572 2178 E
1591 2136 1812 2179 contrario

335 2203 509 2257 syllaba
542 2203 591 2243 ἦ
623 2204 807 2244 vocibus
844 2205 1004 2259 passim
1037 2206 1342 2262 intempestive
1382 2206 1531 2248 addita
1571 2211 1654 2253 est,
1695 2206 1812 2260 quod

335 2275 543 2311 accentus
574 2272 723 2326 gravis
753 2286 835 2326 pro
865 2270 972 2314 nota
1000 2274 1094 2329 ejus
1120 2271 1472 2330 tachygraphica
1496 2275 1808 2315 haberetur.—

337 2338 385 2380 Si
408 2338 569 2379 lineola
598 2340 674 2380 illa
702 2340 918 2395 syllabam
950 2342 999 2382 53
1027 2341 1294 2398 significanS,
1317 2342 1448 2383 ductu
1479 2342 1640 2384 calami
1670 2341 1812 2397 potius

334 2412 456 2447 recto
489 2421 621 2461 quam
653 2408 831 2462 obliquo
863 2410 1080 2458 scribitur,
1101 2410 1146 2451 id
1178 2411 1294 2464 quod
1325 2411 1648 2466 tachygrapho‚
1672 2411 1811 2452 lineas

336 2475 391 2515 ad
412 2475 619 2516 amussim
638 2489 729 2517 non
749 2477 957 2532 exigenti,
979 2477 1108 2519 facile
1139 2477 1309 2525 accidit,
1329 2491 1421 2519 non
1443 2478 1619 2524 mirum,
1643 2478 1683 2518 si
1711 2478 1811 2533 quis

335 2557 435 2584 eam
455 2544 619 2584 habeat
635 2558 715 2598 pro
735 2543 898 2587 lineola
919 2546 1194 2602 significante
1215 2547 1255 2593 ἆ,
1273 2547 1478 2603 legatque
1500 2549 1540 2595 ᾶ,
1556 2547 1633 2588 ubi
1651 2546 1700 2588 ἦ
1718 2546 1811 2602 legi

336 2617 552 2666 oporteat.
606 2612 676 2653 Sic
698 2613 903 2669 legerunt
923 2608 991 2656 οἷα
1012 2629 1095 2670 pro
1116 2608 1212 2662 οἷον,
1232 2629 1272 2655 v.
1290 2614 1423 2670 Epist.
1444 2629 1483 2670 p.
1506 2619 1604 2656 208.
1655 2613 1809 2669 Neque

335 2680 492 2721 desunt
521 2681 725 2735 exempla
756 2681 920 2723 erroris
951 2680 1459 2724 contrarii—Posterior
1489 2688 1598 2724 nota
1628 2682 1811 2738 syllabae

334 2747 382 2789 ἦ
416 2763 506 2789 11011
530 2762 635 2790 rara
668 2755 734 2790 est
761 2749 809 2790 in
839 2749 999 2792 Codice
1025 2750 1067 2791 S.
1096 2750 1248 2793 Germ.
1268 2756 1364 2793 345.
1429 2751 1530 2793 vide
1566 2746 1735 2806 ἄμαθον
1765 2757 1811 2795 et

336 2814 473 2867 σέβας
495 2818 581 2866 (ex.
601 2814 646 2872 l)
669 2815 719 2860 δέ
736 2833 786 2860 σε
804 2814 942 2873 θυμὸν
961 2817 1050 2876 (ex.
1069 2817 1112 2876 l)
1132 2818 1295 2862 ἱκέσθω.

397 2895 463 2932 20.
495 2890 688 2944 Syllabae
707 2891 876 2941 Sin—In
905 2895 1077 2950 syllaba
1106 2896 1165 2944 εἷ),
1185 2895 1239 2937 de
1270 2891 1355 2950 qua
1378 2886 1514 2936 modov
1534 2894 1621 2950 egi,
1645 2893 1810 2935 dictum
