1976 3288
330 227 388 269 60
852 242 1121 271 mrEGRARUM
1143 242 1295 270 vocmw.

330 338 629 380 confusionem
652 338 775 380 illam
802 344 949 380 ortam
977 352 1069 380 esse
1091 353 1145 379 ex
1166 338 1512 382 commutatione
1542 341 1702 383 harum
1730 353 1811 382 no-

329 412 490 448 tarum.
551 421 591 447 v.
613 422 742 449 voces
762 403 863 462 ὑπὲρ
886 414 930 449 et
949 403 1072 461 ὕδωρ.

389 475 457 516 De
475 476 783 532 praepositione
804 472 882 517 ὑπὸ
903 476 1004 516 vide
1026 476 1161 517 etiam
1181 490 1325 532 supra,
1347 491 1386 517 v.
1409 476 1506 519 ἀπό.
1604 520 1606 522 ,

387 541 761 598 Ὕπερσυντελικὸς
781 545 1088 599 compendiose
1108 545 1366 600 plerumque
1392 545 1597 587 scribitur
1617 530 1810 599 ὑπερσιῖιῆ

330 611 402 652 vel
423 605 614 667 ὑπερσυῖ,
637 614 863 655 interdum
882 627 991 654 vero
1022 613 1156 654 etiam
1186 611 1278 654 sola
1308 610 1437 654 litera
1459 615 1494 660 ῦ,
1516 613 1810 669 superscripto

329 680 371 726 τῖ’,
392 679 622 723 indicatur.
682 696 722 723 V.
749 681 949 737 Append.
971 696 1012 738 p.
1033 687 1099 730 54,
1120 687 1163 723 et
1184 680 1377 738 Gregor.
1398 697 1439 738 p.
1459 689 1554 724 256.

387 747 768 792 oasim—Omissa
807 748 975 806 syllaba
1015 750 1138 792 finali
1172 749 1252 798 073,
1289 751 1630 806 superscribitur
1654 750 1810 808 Alpha,

330 822 405 858 aut
436 818 529 872 ejus
559 819 657 860 loco
687 819 863 861 lineola.
924 834 964 860 v.
987 820 1120 874 Epist.
1142 834 1185 875 p.
1202 826 1295 863 176.
1321 827 1365 862 et
1386 820 1588 876 Append.
1615 834 1717 877 pag.
1741 825 1808 862 46.

330 883 400 926 Ad
428 885 712 929 indicandum
740 888 1013 945 singularem
1043 885 1172 944 φησὶν
1202 889 1380 945 ponitur
1402 887 1500 936 Phi,
1524 889 1811 943 superscribi-

330 959 488 1008 turque
512 956 554 996 ei
577 956 612 1009 ἦ.
673 956 771 999 Vid.
794 971 890 998 voc.
922 954 1058 1013 φασὶν
1081 963 1126 998 et
1148 954 1278 1012 φησὶν
1299 971 1324 998 e
1343 956 1502 998 Codice
1534 956 1809 1015 Hermogen.

334 1027 456 1063 1983.
479 1030 523 1064 et
542 1022 645 1065 Cod.
669 1025 711 1066 S.
733 1024 886 1066 Germ.
914 1031 1008 1066 345.
1070 1024 1157 1065 Sed
1185 1025 1268 1065 hoc
1297 1024 1439 1079 ipsum
1457 1025 1519 1080 ᾧ]
1539 1024 1672 1066 etiam
1703 1021 1809 1082 φημὶ

327 1091 521 1132 indicare
545 1098 699 1147 potest,
719 1106 864 1146 neque
894 1093 1033 1133 etiam
1062 1093 1265 1147 exempla
1296 1093 1473 1139 desunt,
1494 1093 1571 1135 ubi
1597 1091 1702 1150 φησὶ
1726 1108 1809 1149 pro

330 1157 435 1216 φημὶ
456 1161 674 1217 legerunt.
734 1162 847 1204 Vide
869 1175 963 1202 voc.
986 1161 1098 1216 ῥῆμα
1119 1162 1205 1211 (ex.
1224 1158 1270 1218 2)
1288 1162 1405 1203 unde
1424 1161 1703 1219 intelligitur,
1721 1176 1808 1217 quo

330 1229 466 1269 ductu
506 1230 682 1271 literam
717 1230 743 1284 ᾗ
772 1230 986 1284 scriptam
1025 1243 1118 1271 esse
1160 1236 1376 1286 oporteat,
1411 1236 1459 1271 ut
1491 1244 1574 1285 pro
1609 1227 1742 1272 litera
1772 1230 1810 1286 ᾧ

328 1296 555 1340 habeatur.

387 1363 524 1414 Φίλος,
546 1364 698 1423 φίλιος,
720 1359 874 1415 Φίλων,
894 1364 1127 1420 Φιλόξενος,
1159 1367 1397 1420 multaeque
1429 1366 1524 1407 aliae
1549 1379 1691 1412 voces,
1713 1379 1809 1420 quae

330 1447 357 1474 a
393 1434 563 1489 syllaba
589 1433 675 1491 ᾆλ
702 1434 930 1489 incipiunt,
963 1448 990 1475 a
1019 1434 1334 1476 festinantibus
1369 1435 1525 1475 scribis
1555 1433 1809 1476 indicantur

330 1499 425 1542 sola
445 1499 615 1557 syllaba
636 1500 698 1558 ᾗ,
714 1502 785 1542 cui
801 1501 994 1542 Lambda
1014 1503 1356 1555 superscribunt.
1417 1500 1567 1557 Itaque
1587 1509 1638 1544 ut
1657 1516 1810 1544 veram

328 1583 484 1611 vocem
515 1584 655 1618 eruas,
687 1570 1006 1611 consideranda
1040 1576 1109 1611 est
1140 1569 1274 1611 series
1308 1569 1541 1611 orationis:
1583 1577 1630 1612 et
1649 1571 1723 1612 vel
1748 1572 1810 1613 sic

328 1652 400 1680 res
420 1640 582 1693 passim
598 1645 719 1680 caret
738 1653 948 1680 successu.
991 1639 1106 1681 Vide
1124 1639 1324 1694 Append.
1344 1653 1384 1694 p.
1398 1643 1435 1678 ’7.
1450 1645 1494 1680 et
1506 1638 1643 1695 Greg.
1658 1654 1698 1694 p.
1712 1644 1807 1681 506.

387 1705 530 1760 Φοῖνιξ
561 1713 606 1747 et
636 1705 857 1749 Φοίνισσαι
889 1707 1074 1748 indicari
1108 1713 1294 1762 possunt
1331 1704 1502 1762 syllaba
1530 1706 1618 1763 ᾣῖι,
1653 1720 1808 1762 super-

329 1774 493 1828 scripto
514 1775 602 1815 Nu.

398 1837 619 1896 Χρήσιμος,
659 1842 891 1899 χρόνος.-
905 1842 986 1884 Hae
1025 1857 1155 1884 voces
1197 1844 1352 1884 eodem
1400 1843 1652 1886 scribuntur
1690 1857 1807 1885 com-

328 1911 500 1964 pendio,
521 1911 562 1952 h.
579 1925 614 1951 e.
641 1911 743 1952 solis
773 1910 915 1952 literis
943 1927 976 1968 χ
1003 1917 1048 1952 et
1074 1927 1099 1965 ρ
1128 1924 1314 1964 quarum
1347 1912 1567 1964 posterior
1597 1911 1809 1953 inseritur

328 1978 478 2034 priori.
529 1980 643 2022 Vide
663 1981 741 2021 has
757 1994 898 2022 voces.
950 1979 1189 2020 Rarissime
1209 1992 1372 2020 nomen
1386 1978 1537 2036 χρόνος
1556 1979 1634 2020 tali
1654 1980 1808 2021 scribi-

327 2053 400 2087 tur
416 2048 686 2101 compendio,
699 2048 745 2089 in
765 2062 850 2102 quo
868 2053 999 2102 caput
1012 2046 1153 2088 literae
1170 2045 1278 2093 Rho,
1292 2051 1343 2087 ut
1359 2047 1404 2088 in
1425 2048 1625 2102 exemplo
1639 2054 1807 2103 quarto,

327 2113 445 2155 infra
469 2114 551 2156 Chi
577 2116 835 2171 dependeat.
891 2114 1093 2156 Reiskius
1122 2115 1169 2156 in
1197 2113 1394 2160 Libanio‚
1420 2116 1506 2156 vol.
1522 2119 1559 2155 4.
1586 2130 1630 2171 p.
1649 2121 1743 2164 295,
1766 2124 1807 2158 3.

328 2181 483 2240 χρόνον
502 2190 676 2225 mutare
690 2184 787 2225 vult
806 2184 853 2225 in
872 2182 1014 2242 χορόν.
1075 2182 1185 2224 Haec
1205 2183 1380 2237 quidem
1400 2183 1582 2224 nomina
1600 2183 1807 2226 facillime

330 2252 542 2292 confundi
573 2259 823 2307 potuerunt,
846 2267 946 2294 cum
971 2248 1101 2309 χορὸς
1121 2266 1148 2293 a
1165 2250 1317 2308 χρόνος
1342 2251 1435 2292 solo
1463 2251 1594 2293 ductu
1620 2252 1808 2294 rotundo

328 2322 408 2362 sub
428 2322 465 2379 >Z
481 2322 712 2377 discrepet.
771 2322 966 2364 Praetera
983 2321 1027 2378 ᾖ,
1049 2321 1119 2362 cui
1147 2325 1174 2375 ’ρ
1202 2320 1549 2374 superscriptum
1580 2326 1658 2367 est,
1691 2334 1810 2362 com—

328 2389 536 2443 pendium
566 2404 658 2432 esse
687 2396 837 2445 potest
863 2403 1025 2431 vocum
1050 2384 1221 2446 χρυσὸς,
1239 2386 1428 2445 χρυσίον,
1450 2386 1747 2443 Χρυσόστομος
1765 2394 1810 2430 et

330 2456 520 2511 Χριστός.

388 2523 650 2573 ‘op—Vide
671 2540 815 2582 supra,
841 2528 887 2569 in
906 2525 989 2569 hac
1009 2523 1190 2582 syllaba,
1214 2530 1257 2567 et
1271 2523 1316 2564 in
1338 2537 1447 2565 voce
1470 2521 1553 2565 καί.
