1976 3288
616 208 879 249 smssumuu
903 208 1181 235 svuamuu.
1577 194 1637 237 23

217 302 332 347 Cum
363 310 400 348 O
416 302 563 359 μικρῷ.
634 302 752 346 Nam
784 304 962 344 fuerunt
999 303 1183 351 librarii,
1215 302 1289 358 qui
1325 303 1633 358 compendium

161 371 344 428 syllabae
362 369 420 414 δι’
435 386 537 415 cum
556 369 686 413 litera
706 371 994 413 antecedente
1023 372 1087 413 sic
1116 372 1445 428 conjungerent,
1467 376 1515 412 ut
1542 370 1634 411 fac-

159 445 257 487 m
281 445 348 484 est
370 439 419 484 in
448 441 587 482 verbo
617 437 877 494 ἐξεκόμισαν,
895 454 922 482 e
941 439 1048 482 Cod.
1067 439 1167 482 Vat.
1185 446 1282 481 305.
1342 439 1413 481 Ita
1430 452 1540 480 vero
1562 441 1634 486 ἷιὶ,

159 507 397 561 ahi-eries
421 507 632 551 orationis
660 515 892 565 repugnet,
912 522 1013 550 cum
1034 508 1060 550 ὃ
1083 508 1213 550 facile
1237 513 1385 562 potest
1413 507 1632 549 confundi.

159 575 359 632 Doeique
387 577 629 619 notandum
657 583 737 624 est,
759 577 991 618 librarium
1012 575 1188 618 Codicis
1207 575 1250 617 S.
1266 575 1419 617 Germ.
1438 581 1533 616 249.
1553 588 1633 616 no-

158 649 251 691 tem
267 645 447 701 syllabae
466 645 521 687 ὦ
539 645 674 686 etiam
697 645 761 686 ibi
779 658 958 699 ponere,
979 645 1056 686 ubi
1075 645 1136 698 ᾶῖι
1154 643 1345 686 scribere
1366 644 1467 684 vult.
1519 642 1632 685 Vide

158 713 347 757 verbum
376 711 650 766 λαμβάνουσι
683 727 708 753 e
739 713 839 753 loco
867 712 1025 754 codicis
1055 707 1161 761 τινὲς
1193 715 1276 766 (ex.
1289 710 1333 767 1)
1353 710 1498 760 κοινῶς
1524 707 1631 753 αὐτὸ

43 760 45 762 .
70 809 75 813 -
158 778 445 835 λαμβάνουσι,
458 781 651 835 itemque
669 781 858 822 verbum
876 778 1135 834 ἐλάμβανεν.
1186 779 1515 835 contemplanti
1534 781 1631 823 haec

157 849 360 905 exempla
387 849 465 890 uni
496 849 738 890 amicorum
767 861 969 889 meorum
997 862 1087 889 non
1122 847 1414 903 improbabile
1444 849 1631 894 videtur,

158 922 332 962 veteres
353 918 411 960 ἆῖ
425 923 472 959 et
492 917 554 969 ff
571 917 728 958 eodem
747 930 855 958 sono
876 917 1206 972 pronunciasse.

170 1029 181 1034 -
226 1013 266 1051 4.
294 1007 485 1064 syllabae
512 1006 962 1063 a-p.—Compendium
994 1008 1122 1063 hujus
1155 1007 1339 1062 syllabae
1371 1007 1510 1047 lector
1534 1004 1631 1060 Jam

158 1077 292 1119 habet
309 1077 538 1132 cognitum
557 1090 582 1117 e
601 1090 710 1117 voce
730 1075 946 1130 μαρτυρεῖ
995 1074 1046 1115 In
1062 1074 1218 1117 vocula
1234 1071 1321 1130 γὰρ
1336 1076 1398 1116 sic
1418 1074 1630 1130 pingitur,

157 1151 208 1189 ut
225 1150 409 1200 apparet
427 1145 475 1185 in
494 1158 562 1186 ex.
574 1150 611 1185 2.
631 1157 658 1185 e
671 1143 778 1185 Cod.
794 1142 837 1184 S.
853 1143 1005 1185 Germ.
1027 1149 1122 1185 2⁴9.
1173 1143 1501 1185 Posterioribus
1519 1148 1631 1183 tem-

157 1211 337 1269 poribus
354 1218 459 1255 nota
481 1213 575 1254 haec
604 1213 795 1254 formam
823 1211 1037 1253 induebat
1058 1212 1189 1266 paulo
1210 1212 1356 1267 magis
1379 1210 1629 1255 rotundam,

157 1280 275 1327 utin
294 1295 362 1323 ex.
377 1286 415 1321 3.
437 1295 462 1322 e
482 1280 587 1322 Cod.
608 1280 755 1335 Etym.
778 1278 963 1321 Sorbon.

174 1371 179 1374 ’
217 1377 256 1416 5.
285 1371 477 1429 Syuabae
495 1370 938 1426 a—5.—Compendium
957 1370 1086 1426 hujus
1118 1371 1300 1426 syllabae
1330 1372 1376 1412 in
1407 1368 1629 1410 codicibus

161 1440 465 1483 vetmtissimis
484 1446 530 1482 et
550 1438 860 1481 recentissimis
879 1439 995 1480 idem
1014 1445 1092 1480 est.
1152 1438 1267 1481 Vide
1287 1437 1420 1486 ποιᾶς,
1436 1434 1631 1482 δαπάνας

157 1507 432 1558 οτπολιτείας
461 1509 547 1562 (ex.
564 1504 613 1564 2)
644 1522 670 1549 e
694 1506 796 1548 Cod.
817 1506 987 1548 Platon.
1008 1511 1131 1549 1807.
1174 1505 1358 1555 ἐκτείνας
1390 1502 1467 1554 τὰς
1500 1500 1633 1560 ὀργὰς
1717 1504 1724 1507 ”

158 1590 185 1621 e
204 1576 316 1621 cod.
335 1576 377 1618 S.
398 1575 552 1619 Germ.
572 1580 667 1617 345.
701 1572 977 1629 ζηλώσαντας
1006 1589 1061 1616 ex
1085 1575 1273 1630 Etymol.
1296 1574 1481 1616 Sorbon.
1555 1572 1633 1615 Ul-

157 1647 267 1691 tima
284 1660 373 1689 vox
393 1645 581 1688 ostendit
599 1644 820 1700 quomodo
849 1643 1024 1684 librarii
1053 1643 1361 1698 compendium
1380 1642 1561 1698 syllabae
1577 1641 1634 1689 ὀῖς

160 1729 262 1758 cum
296 1711 426 1756 litera
465 1702 758 1754 antecedente
790 1710 1112 1767 conjunxerint.
1185 1710 1237 1752 In
1271 1706 1516 1769 χρήσασθαι
1549 1710 1633 1751 hoc

162 1781 470 1839 compendium
488 1778 633 1822 media
652 1780 699 1821 in
719 1793 829 1820 voce
849 1780 1037 1834 positum
1056 1785 1135 1820 est.

216 1850 265 1893 Si
283 1849 591 1905 compendium
611 1848 792 1903 syllabae
809 1847 865 1896 ἴς
880 1853 975 1889 tam
995 1847 1202 1902 pusillum
1221 1855 1296 1894 est,
1314 1854 1362 1889 ut
1381 1847 1428 1888 in
1448 1847 1631 1888 vocibus

158 1916 238 1968 τὰς
255 1914 401 1975 ὀργὰς,
416 1917 608 1958 multum
631 1917 766 1957 habet
798 1915 1093 1957 similitudinis
1126 1930 1227 1958 cum
1259 1915 1520 1971 compendio
1544 1916 1632 1971 syl-

156 1989 270 2032 lnbae
285 1988 348 2030 ο-ν.
399 1984 514 2027 Vide
538 1998 692 2026 vocem
714 1982 1126 2038 προωητακουστέον.
1185 1983 1294 2026 Haec
1314 1997 1449 2026 causa
1468 1990 1533 2026 est
1553 1997 1632 2025 cur

160 2057 217 2104 οῖς
229 2062 275 2100 et
291 2057 342 2098 o‘v
359 2055 516 2111 saepius
534 2059 875 2095 commutentur.

213 2122 437 2169 Proeterea
464 2121 744 2168 monendum,
773 2120 967 2163 scribam
996 2119 1171 2162 Codicis
1196 2118 1419 2174 Apollonii
1448 2119 1630 2175 Dyscoli

155 2189 291 2249 (conf.
330 2204 462 2233 voces
501 2181 596 2238 ὅδε,
630 2187 806 2236 τοιόσδε,
837 2186 939 2230 ὅπου
977 2203 1039 2244 γε,
1070 2182 1171 2234 εἷλε,
1208 2184 1383 2242 ἥρπασε,
1413 2186 1484 2230 ὅτε
1511 2195 1573 2234 (ex.
1582 2186 1635 2243 2))

162 2258 355 2316 Epsilcm,
378 2257 582 2313 inprimis
609 2262 722 2311 post,
748 2254 785 2302 δ,
805 2259 847 2302 λ,
868 2270 908 2303 σ,
928 2271 956 2296 τ
973 2262 1055 2296 etc.
1084 2256 1146 2297 sic
1175 2256 1378 2310 pinxisse,
1403 2262 1452 2297 ut
1480 2262 1632 2297 notam

160 2325 555 2382 tachygraphicam
575 2324 755 2379 syllabae
777 2325 827 2372 ιῖς
850 2323 1025 2364 referat.
1086 2322 1204 2364 Hinc
1223 2323 1482 2380 intelligitur
1498 2337 1633 2365 causa

160 2407 240 2436 cur
258 2394 284 2436 ἓ
302 2398 348 2435 et
369 2393 424 2440 ῖς
446 2392 631 2434 confusa
660 2393 762 2432 sint.
821 2391 936 2433 Vide
965 2388 1097 2440 πέντε,
1126 2391 1188 2433 uti
1214 2392 1423 2434 scribitur
1451 2391 1497 2432 in
1526 2392 1629 2433 Cod.

161 2462 204 2503 S.
235 2460 391 2503 Germ.
411 2465 506 2502 345.
540 2460 587 2501 in
612 2458 814 2506 Aristide,
846 2459 896 2501 T.
919 2458 973 2500 II.
1003 2474 1044 2515 p.
1070 2466 1165 2509 465,
1197 2474 1431 2516 perperam
1466 2461 1629 2503 editum

161 2526 334 2578 πάντας.

222 2624 258 2660 6.
289 2618 479 2674 Syllabae
498 2616 748 2673 27.—Hujus
759 2618 857 2672 jam
877 2619 986 2659 satis
1004 2616 1238 2659 habuimus
1257 2617 1562 2671 exemplorum
1583 2617 1631 2657 in

163 2685 344 2730 vocibus
370 2683 535 2738 ἐκείνης,
562 2684 710 2727 λαθεῖν
733 2683 819 2740 (ex.
839 2682 899 2740 2),
919 2684 1088 2737 λαβεῖν,
1109 2684 1258 2727 λαθεῖν
1283 2683 1372 2740 (ex.
1391 2681 1443 2739 l),
1463 2683 1630 2738 ἱστορεῖ,

81 2743 89 2762 ”
162 2752 421 2808 καταριθμεῖ,
447 2749 534 2810 εἶχε
557 2751 627 2807 τῷ.
692 2752 919 2795 Interdum
944 2752 992 2799 ἐ“ι,
1020 2753 1104 2795 etsi
1132 2767 1222 2794 non
1251 2754 1439 2807 positum
1469 2753 1515 2794 in
1543 2752 1631 2794 fine

162 2820 299 2870 lineae,
330 2820 589 2877 παραλόγως
626 2821 825 2878 pingitur
864 2822 996 2863 ductu
1038 2822 1178 2863 multo
1219 2820 1457 2877 grandiore
1501 2835 1631 2880 quam
