1976 3288
616 217 876 249 ament-muna
899 218 1179 247 summum«.
1576 209 1631 250 21

220 312 284 370 a.)
309 313 361 356 In
392 312 630 356 Scholiasta
662 313 899 361 Platonico,
942 329 985 395 p.
1011 319 1102 355 181.
1144 329 1226 370 pro
1265 329 1373 357 voce
1412 311 1632 372 ἡγήσαιτο,

160 383 370 439 neglecto
400 382 540 423 altero
573 382 912 438 Eta‚1egenmt
945 379 1134 437 ἡγουντο.
1190 397 1231 424 v.
1266 384 1384 425 infra
1415 383 1634 439 syllabam

160 465 246 492 ουν.
314 449 353 491 Ε
382 450 607 491 contrario
640 450 688 490 in
724 449 1031 506 Etymologico
1064 449 1250 492 Sorbon.
1281 452 1374 493 haec
1403 453 1632 508 leguntur:

159 513 214 561 τὸ
230 521 316 568 (ex.
338 522 377 568 1)
397 513 485 574 γὰρ
506 521 590 567 (ex.
608 521 651 566 3)
669 515 751 571 βαι
772 517 866 570 βῶν
883 517 1083 574 λέγουσιν
1102 516 1159 575 (οἱ
1180 518 1386 575 Δωριεις).
1446 526 1526 563 Βαι
1547 535 1634 562 vox

159 591 229 629 ent
261 599 394 629 sensu
425 601 590 629 carens.
651 586 737 629 Sed
768 588 1006 630 Dorienses
1039 588 1244 630 dicebant
1275 587 1368 640 βῶν
1400 603 1480 644 pro
1514 588 1633 642 βοῦν.

161 652 307 696 Nemo
326 655 461 711 igitur
481 654 661 702 dubitet,
683 655 914 697 librarium
942 671 1024 712 pro
1045 656 1090 698 ὦ
1109 658 1324 705 habuisse,
1347 659 1461 712 quod
1479 658 1633 714 legen-

163 721 270 765 dum
289 721 372 764 fuit
390 722 474 765 m.

219 815 278 874 b.)
306 817 486 874 Syllaba
515 821 558 859 ἇῐ
586 823 683 874 post
706 817 886 859 literam
915 810 942 859 5
970 819 1116 864 habet,
1149 832 1184 859 e.
1200 833 1237 860 c.
1268 818 1314 860 in
1334 818 1492 860 Codice
1522 818 1634 875 Ety-

162 886 326 943 molog.
348 885 547 935 Sorbon.,
564 887 763 927 nonnihil
788 885 1080 928 similitudinis
1107 899 1206 926 cum
1236 885 1366 928 litera
1387 888 1424 941 β,
1450 886 1495 927 id
1518 887 1634 941 quod

161 954 346 997 lectores
374 953 502 996 facile
543 955 803 1011 intelligent,
832 955 869 996 si
902 968 1065 996 nomen
1097 951 1316 1002 Δαίδαλος
1349 969 1450 996 cum
1488 957 1634 998 verbis

163 1021 251 1079 δρῶ
270 1030 315 1066 et
335 1018 517 1078 ἔδραμον
538 1023 905 1078 comparaverint.
957 1020 1054 1063 Hac
1075 1024 1403 1077 opportunitate
1422 1024 1635 1066 invitatus

162 1106 335 1141 moneo,
351 1092 437 1133 Eta
455 1091 503 1132 in
522 1091 679 1133 eodem
699 1090 861 1132 Codice
884 1091 1069 1133 Sorbon.
1086 1090 1310 1132 interdum
1330 1092 1483 1132 eodem
1503 1093 1635 1147 plane

163 1161 299 1203 ductu
326 1159 465 1217 pingi,
486 1174 571 1214 quo
601 1164 658 1206 ἶῖι,
682 1173 732 1200 ac
762 1159 1034 1214 praecedente
1055 1151 1095 1210 ἓ,
1115 1159 1300 1213 perinde
1320 1165 1370 1199 ut
1394 1160 1517 1201 illam
1546 1160 1634 1215 syl-

161 1230 320 1278 labam,
333 1243 433 1271 cum
447 1225 578 1270 litera
598 1226 695 1268 Rho
716 1226 925 1268 confundi
946 1239 1085 1280 posse.
1146 1224 1260 1266 Vide
1281 1240 1410 1268 voces
1440 1223 1632 1279 σεσηπὸς,

161 1292 346 1357 ἔχρῃζεν,
378 1289 552 1348 ἀΐδηλος
581 1311 650 1336 και
681 1292 767 1352 (ex.
788 1291 858 1351 16)
887 1291 1097 1348 ἀρίδηλος,
1121 1288 1320 1349 Δημήτηρ
1350 1294 1374 1349 ἡ
1403 1295 1488 1351 (ex.
1510 1293 1556 1351 5)
1578 1297 1635 1352 ’γῆ

161 1365 351 1410 τουτέστι
373 1360 502 1419 δήμου
520 1358 663 1418 μήτηρ.

219 1461 276 1520 c.)
304 1462 394 1506 Ubi
422 1475 504 1517 pro
527 1460 771 1516 syllaba*
722 1477 764 1502 αι
791 1459 1018 1515 legeretur
1039 1460 1197 1516 copula
1217 1456 1299 1506 καὶ,
1331 1460 1458 1516 hujus
1488 1461 1634 1502 forma

161 1546 216 1574 ea
233 1529 424 1574 librariis
443 1528 708 1584 imponebat,
730 1540 863 1581 quam
883 1540 1068 1568 cernere
1087 1528 1190 1568 licet
1209 1528 1255 1568 in
1275 1529 1457 1570 vocibus
1474 1528 1530 1577 ὡς
1549 1526 1632 1577 καὶ,

162 1595 208 1643 δὲ
228 1595 312 1648 καὶ,
330 1593 495 1654 ἀγαθὸς
515 1593 584 1638 καὶ
604 1590 811 1650 (βοηθὸς),
834 1594 925 1642 &c.,
948 1609 972 1636 e
994 1594 1099 1636 Cod.
1123 1594 1265 1638 Marc.
1287 1595 1420 1638 Hom.

231 1694 290 1750 d.)
327 1693 366 1736 E
410 1691 738 1748 comparatione
783 1705 943 1732 vocum
982 1690 1153 1745 Τίμαιος
1189 1690 1238 1734 ἐκ
1270 1691 1357 1749 (ex.
1379 1690 1422 1748 l)
1457 1692 1633 1747 Λοκρῶν

161 1760 273 1819 οἶμαι
293 1761 339 1820 (e
358 1761 465 1804 Cod.
483 1761 595 1802 Plat.
612 1757 753 1814 1801),
766 1765 810 1801 et
829 1754 1057 1815 εἴργεσθαι,
1073 1759 1330 1814 μαινόμενος,
1344 1760 1634 1816 στηριζόμενος

161 1834 204 1888 (e
232 1831 340 1875 Cod.
367 1831 410 1873 S.
435 1830 588 1872 Germ.
608 1825 727 1883 345),
759 1829 950 1870 lectores
983 1828 1111 1870 facile
1142 1828 1404 1886 intelligent,
1437 1828 1482 1871 ἵν
1513 1844 1633 1871 com-

160 1899 368 1957 pendiose
392 1898 526 1941 scribi
555 1904 604 1939 ut
636 1898 694 1945 ὦ,
727 1907 883 1951 neque·
898 1898 1057 1939 harum
1087 1897 1358 1953 syllabarum
1389 1904 1631 1940 commuta-

159 1970 330 2012 tionem
346 1965 748 2009 mirabuntur.-—In
764 1965 1020 2021 Phrynicho
1040 1964 1141 2005 MS.
1157 1966 1233 2007 dat
1249 1964 1398 2007 Codex
1418 1965 1462 2007 S.
1479 1964 1630 2007 Germ.

158 2035 384 2094 Ἀράμαιον
414 2035 635 2091 (omnibus
668 2034 804 2076 literis
833 2035 963 2090 plene
1003 2034 1291 2089 distincteque
1322 2031 1519 2091 scriptis)
1553 2033 1630 2091 φέ-

160 2117 259 2162 ρειν·
287 2098 435 2158 ἀττικὴ
459 2103 484 2158 ἡ
503 2102 591 2159 (ex.
608 2101 649 2159 l)
668 2101 866 2157 σύνταξις
886 2097 932 2144 δὲ
949 2100 1037 2159 (ex,
1057 2100 1104 2158 6)
1127 2102 1254 2144 εἰπεῖν
1276 2102 1364 2159 (ex.
1381 2101 1425 2158 l)
1447 2098 1628 2157 ἄραντα.

160 2173 348 2230 Corrigo
378 2171 814 2228 ἀράμενοι-νωθὲς
846 2169 1021 2223 ἐβίασεν
1051 2187 1132 2225 μου
1162 2166 1237 2225 τὴν
1259 2169 1347 2227 (ex,
1366 2169 1413 2227 5)
1443 2171 1629 2227 γυναῖκα

161 2248 350 2297 sumptae
367 2246 472 2282 sunt
492 2254 547 2281 ex
560 2239 862 2281 Antiatticista
881 2240 922 2280 S.
938 2238 1090 2280 Germ.
1105 2238 1487 2281 MS.—Uncinum
1503 2239 1630 2280 illum

159 2309 480 2366 significantem
498 2312 542 2350 Hs
563 2315 639 2350 aut
661 2311 704 2350 ο-ιι
725 2309 883 2363 passim
901 2308 947 2349 in
961 2308 1150 2364 legendo
1165 2308 1629 2364 neglexerunt.—Vox

160 2375 362 2431 κτάμεναι
383 2383 447 2419 est
466 2391 491 2418 e
511 2376 614 2419 Cod.
627 2376 739 2419 Ven-

218 2443 398 2500 Syllaba
417 2445 460 2486 ὦ
481 2451 578 2500 post
595 2445 622 2487 ῐ·
639 2443 979 2502 ταχυγραφικῶς
997 2446 1058 2487 sic
1081 2444 1299 2493 scribitur,
1318 2450 1368 2486 ut
1395 2446 1629 2486 ostendunt

159 2526 288 2555 voces
306 2511 480 2569 λέγεται
501 2511 587 2568 (ex.
602 2511 664 2567 l),·
675 2511 891 2567 μέμνηται,
908 2511 1069 2570 ’γίνεται
1091 2514 1175 2568 (ex.
1191 2513 1245 2567 2),
1267 2506 1465 2565 αἴσθηται
1483 2527 1508 2554 e
1520 2512 1625 2554 Cod.

159 2579 202 2621 S.
223 2579 373 2622 Germ.
398 2585 494 2622 345.
553 2579 601 2621 Si
628 2582 700 2622 ἦ
723 2583 1072 2636 superscribitur,
1091 2581 1231 2624 simile
1250 2580 1300 2622 fit
1320 2581 1627 2635 compendiose

160 2647 334 2704 scriptis
355 2649 534 2703 syllabis
554 2666 678 2697 τικος,
699 2649 904 2692 finalibus
932 2650 1018 2692 illis
1048 2651 1199 2692 classis
1231 2650 1456 2705 cujusdam
1483 2650 1623 2705 adjec-

159 2716 375 2764 tivorum3
404 2717 604 2771 quodque
624 2717 756 2758 modo
777 2717 1122 2759 commemoravi
1143 2713 1355 2768 αἴσθηται,
1376 2717 1423 2757 in
1453 2717 1627 2759 diverso

6 2771 15 2842 ι’
55 2767 77 2825 “A
160 2788 366 2824 contextu
394 2785 635 2826 verborum
664 2784 757 2841 legi
790 2791 934 2840 potest
966 2783 1217 2837 αἰσθητικός.
1278 2782 1422 2826 Voces
1451 2783 1625 2841 λέγεται

157 2849 244 2907 (ex.
260 2849 306 2906 3)
324 2849 537 2906 διαφέρειν
558 2858 741 2907 sumptae
759 2859 858 2894 sunt
877 2868 901 2894 e
922 2852 1067 2895 Schol.
1085 2851 1196 2895 Plat.
1216 2866 1256 2907 p.
1274 2856 1365 2894 165.
