1976 3288
344 240 402 281 36
864 256 1129 283 INTEGRARUM
1157 256 1304 283 vocum.

344 350 605 406 longiorem,
643 349 713 390 cui
752 349 943 405 integrae
981 351 1207 405 plenaeque
1245 349 1438 406 spatium
1477 352 1609 397 deest,
1645 364 1817 406 quoquo

345 418 475 457 modo
495 415 741 465 infarciant,
759 416 982 458 interdum
1000 431 1091 458 non
1113 416 1323 464 dubitant,
1341 418 1539 472 quamvis
1559 418 1818 460 adversetur

345 485 513 539 regula,
534 490 625 524 tres
647 485 843 539 adeoque
868 490 1055 538 quatuor
1075 485 1268 539 syllabas
1288 485 1578 541 supprimere.

405 551 845 601 A1’07oe65.-—Lambda
875 553 957 594 hac
987 553 1034 593 in
1063 567 1184 600 voce,
1218 554 1586 609 quemadmodum
1614 554 1662 595 in
1690 552 1820 605 βασι-

345 616 454 668 λεὺς,
471 618 713 678 Ἀχιλλέως,
744 620 924 675 aliisque
954 621 1146 669 vocibus,
1176 621 1514 676 superscribitur
1544 621 1822 663 antecedenti

346 687 501 735 literae,
531 689 785 744 syllabaque
815 688 960 730 finalis
992 688 1220 732 omittitur.
1281 689 1396 731 Vide
1425 684 1644 741 βασιλεὺς,
1670 703 1696 730 e
1715 687 1818 730 Cod,

346 755 480 798 Paris.
507 762 601 798 133.

402 820 812 878 Ἀκρωτήριον.-])θ
832 826 971 867 tribus
991 825 1219 880 postremis
1250 825 1432 881 syllabis
1463 826 1591 882 hujus
1613 825 1820 867 aliorum-

348 905 432 946 que
452 893 680 934 nominum
698 893 744 934 in
763 910 905 949 τηριον
925 895 1181 936 exeuntium
1205 895 1254 935 in
1275 894 1446 936 ratione
1476 891 1823 950 tachygraphica

347 962 658 1003 tantummodo
687 963 828 1004 literae
857 962 909 1015 τ“ρ
943 963 1086 1004 vocali
1116 962 1391 1004 antecedenti
1421 962 1820 1018 superscribuntur.

347 1027 462 1069 Vide
482 1043 612 1071 voces
634 1026 891 1085 ἀκρωτηριὸν
915 1037 960 1071 et
990 1026 1185 1085 ποτήριον
1205 1045 1229 1071 e
1250 1030 1352 1072 Cod.
1367 1031 1466 1073 Vat.
1485 1036 1580 1072 305.
1640 1028 1739 1070 Hoc
1767 1024 1826 1082 ἶρ-

346 1096 407 1137 sic
424 1098 776 1153 superscriptum
789 1112 879 1139 non
895 1112 1067 1152 semper
1082 1104 1201 1139 recte
1217 1099 1445 1154 legerunt3
1472 1112 1508 1139 e.
1523 1112 1558 1139 c.
1573 1094 1822 1150 παιδεὺτρια

349 1178 431 1218 pro
460 1161 1092 1221 wazdevrripta.——Frequentius
1123 1167 1256 1207 etiam
1293 1166 1474 1221 syllabae
1503 1166 1656 1207 finales
1684 1179 1823 1219 τηριος

349 1232 676 1275 oonfimduntur
707 1249 807 1276 cum
829 1250 957 1290 τερος,
980 1236 1101 1276 exitu
1131 1235 1542 1289 comparativorum,
1565 1234 1638 1288 qui
1666 1233 1822 1275 eodem

350 1302 605 1355 compendio
638 1302 898 1345 scribuntur.
970 1303 1084 1346 Vide
1115 1301 1398 1357 ποθεινότερον
1429 1316 1453 1343 e
1473 1301 1576 1343 Cod.
1600 1299 1705 1343 Vat.
1725 1306 1822 1341 305.

348 1375 392 1410 et
412 1368 697 1425 ἀσεβέστερον
718 1386 743 1413 e
763 1371 867 1412 Cod.
890 1370 1028 1413 Paris.
1046 1377 1138 1413 135.

406 1433 513 1478 Ἀντὶ
534 1436 786 1479 ‘rofi's-—Haec
805 1439 1008 1484 formula,
1030 1439 1224 1479 maxime
1249 1453 1275 1479 a
1304 1437 1600 1495 grammaticis
1620 1438 1822 1491 frequen-

348 1510 451 1550 tata,
473 1505 518 1545 in
539 1505 663 1547 libris
682 1519 818 1547 manu
838 1507 1009 1561 scriptis
1030 1507 1093 1547 sic
1114 1507 1324 1562 pingitur,
1346 1513 1395 1547 ut
1415 1506 1656 1547 ostendunt
1675 1518 1823 1546 exem-

349 1572 423 1625 pla
441 1574 528 1615 tab.
552 1573 739 1615 ιιι-ΕΚ
758 1574 824 1616 his
845 1575 1110 1628 compendiis
1131 1574 1215 1615 orti
1234 1580 1336 1615 sunt
1354 1574 1399 1615 hi
1419 1587 1618 1615 errores:

413 1645 446 1681 l.
478 1640 606 1696 Saepe
626 1643 920 1699 neglexerunt
942 1644 1132 1685 alterum
1152 1644 1258 1690 Tau,
1276 1643 1391 1697 quod
1411 1643 1668 1697 plerumque
1686 1641 1823 1698 signi-

350 1708 453 1749 ficat
483 1708 567 1756 τοῢ,
598 1707 693 1762 (sed
724 1711 858 1752 etiam
877 1712 959 1765 τῆς,
981 1709 1078 1757 τῶν,
1112 1717 1191 1752 etc.
1224 1710 1479 1767 significare
1510 1712 1673 1765 potest)
1701 1711 1823 1767 lege-

352 1782 540 1830 runtque
573 1778 715 1819 solum
750 1777 855 1820 ἀντί.
932 1778 1337 1821 Grammaticorum
1370 1780 1532 1833 scripta
1562 1780 1694 1834 plena
1725 1786 1826 1821 sunt

351 1843 562 1890 locorum,
595 1844 641 1884 in
674 1846 829 1899 quibus
863 1843 955 1887 ἀντὶ
988 1848 1104 1887 male
1126 1846 1319 1900 positum
1349 1853 1415 1887 est
1440 1860 1520 1901 pro
1556 1844 1648 1888 ἀντὶ
1679 1845 1823 1888 τοῦ.-

353 1915 389 1952 Ε
418 1913 652 1959 contrario,
674 1927 990 1967 nonnunquam
1018 1914 1293 1956 scribebatur
1323 1912 1414 1956 ἀντὶ
1447 1913 1533 1962 τοῦ,
1570 1916 1647 1956 ubi
1681 1915 1826 1956 solum

353 1975 445 2019 ἀντὶ
466 1980 598 2020 scribi
619 1982 862 2035 oportebat.
912 1981 1102 2023 Graecus
1123 1983 1275 2029 lector,
1291 1982 1453 2038 linguae
1472 1996 1561 2023 suae
1581 1983 1688 2023 satis
1708 1983 1823 2038 peri-

352 2051 433 2091 tus,
455 2047 615 2087 seriem
635 2049 844 2090 orationis
865 2051 1094 2091 attendens
1111 2064 1283 2105 semper
1314 2050 1442 2091 facile
1468 2050 1678 2107 intelligit
1707 2064 1826 2092 com-

354 2114 561 2168 pendium
581 2112 634 2156 αὖ
653 2116 802 2157 valeat
823 2113 915 2158 ἀντὶ
937 2130 994 2157 an
1025 2114 1117 2158 ἀντὶ
1147 2116 1232 2158 τοῦ.
1294 2117 1436 2158 Simili
1465 2120 1606 2164 modo,
1629 2119 1656 2158 i.
1674 2132 1710 2159 e.
1731 2120 1826 2160 solo

358 2180 454 2222 Tau
473 2182 782 2238 superscripto,
807 2185 1011 2226 articulus
1037 2185 1169 2227 etiam
1199 2185 1296 2227 aliis
1317 2186 1492 2240 junctus
1515 2186 1828 2241 praepositioni-

355 2251 436 2292 bus
456 2251 679 2294 indicatur.

430 2324 466 2359 2.
509 2320 778 2364 Villoisonus
820 2324 866 2364 in
903 2323 1086 2365 Scholiis
1121 2323 1370 2365 Homericis
1408 2324 1671 2378 exemplum,
1713 2319 1837 2378 quod'

358 2388 542 2428 verbum
574 2386 666 2430 ἀντὶ
698 2391 989 2443 penultimum
1022 2392 1168 2438 habet,
1193 2398 1237 2433 et
1268 2393 1383 2446 quod
1418 2392 1535 2433 valet
1565 2390 1701 2432 etiam
1733 2389 1828 2434 ἀντὶ

360 2452 438 2494 τοῦ
467 2455 577 2510 legit
598 2455 849 2510 ἀντωνυμία.

418 2526 455 2559 3.
487 2520 735 2564 Secundum
769 2525 1032 2578 tertiumque
1066 2527 1313 2579 exemplum
1349 2524 1597 2579 compendii
1631 2525 1828 2567 formulae

360 2584 452 2629 ἀντὶ
484 2587 562 2629 τοῦ
589 2589 716 2631 facile
755 2599 939 2646 possunt
973 2594 1182 2634 confundi
1213 2608 1314 2635 cum
1345 2594 1535 2634 secundo
1569 2594 1829 2648 compendio

359 2668 518 2696 vocum
538 2654 731 2706 Ἀττικὸς,
751 2657 956 2709 Ἀττικῶς,
979 2675 1005 2702 a
1024 2676 1109 2716 quo
1129 2676 1217 2703 non
1240 2661 1452 2703 differunt
1471 2661 1557 2702 nisi
1576 2659 1704 2702 litera
1723 2661 1756 2702 17.

416 2726 922 2785 'Au-rtgbcivnc—Solenne
943 2734 1249 2790 compendium
1278 2736 1407 2791 hujus
1430 2734 1620 2776 nominis
1642 2733 1839 2784 ostendit„

361 2798 609 2851 exemplum
638 2802 725 2842 tab.
753 2815 814 2842 111.
849 2816 873 2843 e
904 2802 1010 2844 Cod.
1038 2802 1079 2843 S.
1103 2803 1254 2844 Germ.
1273 2808 1367 2844 345.
1443 2801 1649 2843 Similiter
1679 2801 1832 2856 tachy-

361 2866 520 2919 graphi
559 2868 831 2922 scripserunt
868 2869 1179 2927 Ἀριστοφάνης,
1220 2869 1551 2926 Ἀπολλοφάνης,
1593 2867 1832 2925 Ξενοφάνης
