1976 3288
339 246 396 286 54
854 256 1003 283 uzi-1:01³
1006 256 1119 283 ARUM
1150 254 1299 282 vocum.

396 348 647 409 Παραλῆγω
667 357 713 393 et
734 349 998 407 παράληψις.
1000 350 1110 391 ——In
1133 351 1344 391 ambabus
1371 349 1440 389 his
1462 348 1692 389 vocibus*
1665 364 1690 400 η
1711 348 1817 389 scri-

340 423 457 464 bitur
478 436 609 476 super
629 426 670 468 λ,
694 426 1012 476 sequentesque
1031 419 1172 459 literae
1192 418 1324 472 plane
1354 417 1631 458 omittuntur.
1689 415 1818 457 Com-

340 490 551 544 pendium
571 488 699 530 verbi
716 483 862 544 λήγειν
886 488 1125 529 lectoribus
1144 486 1335 528 innotuit
1357 500 1381 527 e
1405 486 1502 526 loco
1528 484 1652 527 πᾶσα
1674 484 1758 539 (ex.
1778 483 1819 538 2)

341 556 454 611 λέξις
472 555 560 614 (ex.
578 555 623 613 3)
649 558 706 605 εἰς
734 558 791 612 ‹az—p
821 553 1018 612 λήγουσα
1047 554 1280 611 βαρύνεται
1302 557 1391 606 (ex.
1410 552 1478 610 4);
1509 568 1724 608 vocesque
1744 567 1821 594 ex-

342 631 492 667 euntes
512 627 559 666 in
580 625 658 679 {151}
676 627 792 667 haud
811 639 916 666 raro
938 623 1090 666 eadem
1111 625 1243 678 plane
1264 624 1437 664 ratione
1458 637 1537 679 per
1558 623 1822 678 compendia

341 694 602 742 scribuntur,
625 692 710 749 qua
728 708 857 735 voces
877 693 924 734 in
942 691 1008 740 ὀἷς
1029 698 1075 734 et
1096 686 1159 747 {Tg
1179 693 1440 733 desinentes.

400 760 642 817 [lepti—De
664 763 917 804 confusione
944 762 1072 817 hujus
1099 760 1422 817 praepositionis
1452 774 1553 802 cum
1583 755 1702 815 παρὰ
1720 759 1823 800 vide

342 844 475 885 supra
495 826 624 885 παρὰ,
646 844 745 872 cum
765 828 829 873 ἐπὶ
850 844 984 885 supra
1002 845 1043 886 p.
1062 836 1129 870 33.

399 897 857 954 Περισπώμενον.-Ιῐι
892 897 1287 955 grammaticorum
1321 898 1447 939 libris
1483 911 1619 938 manu
1653 895 1824 951 scriptis

342 968 436 1008 haec
456 982 543 1009 vox
563 982 651 1009 non
670 982 774 1027 raro
794 966 886 1009 sola
906 966 1039 1009 litera
1058 967 1100 1015 ῖτ,
1124 969 1195 1009 cui
1223 968 1246 1009 ἓ
1268 967 1566 1022 superscripta
1595 971 1672 1014 est,
1690 966 1822 1019 inque

342 1036 505 1090 plurali
519 1051 706 1078 numero
724 1037 1017 1091 duplicatione
1037 1037 1165 1092 hujus
1185 1035 1431 1091 compendii
1449 1034 1682 1077 indicatur.
1731 1032 1824 1075 Alii

341 1104 647 1160 tachygraphi,
668 1111 716 1146 ut
733 1105 951 1158 pluralem
970 1103 1266 1160 περισπώμενα
1290 1103 1550 1152 indicarent,
1571 1103 1680 1145 duos
1701 1102 1824 1143 dein-

344 1186 444 1227 ceps
471 1171 776 1214 circumflexos
808 1174 1051 1230 pingebant
1077 1173 1213 1228 iisque
1240 1172 1658 1228 superimponebant
1682 1170 1822 1212 lineo-

342 1242 443 1282 lam.
505 1241 619 1283 Vide
646 1255 775 1282 voces
801 1237 889 1283 ἔστι
919 1237 965 1283 δὲ
984 1240 1073 1298 (eX.
1086 1240 1132 1297 4)
1156 1240 1332 1296 δευτέρα
1353 1241 1435 1294 (ex.
1451 1238 1498 1295 2)
1528 1237 1711 1295 συζυγία
1738 1236 1824 1281 τῶν

342 1308 674 1363 περισπωμένων,
697 1324 752 1351 ex
772 1309 919 1365 Etym.
941 1310 1079 1351 Paris.
1099 1314 1223 1351 2630.
1284 1323 1324 1350 v.
1341 1308 1480 1365 Greg.
1501 1322 1542 1363 p.
1559 1313 1655 1349 349.

401 1377 687 1432 Πλεονασμός.
697 1377 874 1419 —Haec
912 1392 1000 1419 vox
1039 1377 1347 1434 compendiose
1387 1391 1502 1418 nunc
1540 1362 1732 1418 πλεονασ
1761 1373 1826 1431 (v.

343 1444 536 1501 Gregor.
557 1459 598 1500 p
618 1451 670 1485 57
677 1446 730 1499 3)
749 1460 868 1487 nunc
897 1446 1076 1487 brevius
1106 1442 1250 1489 πλεονΙ
1284 1446 1501 1487 scribitur.
1565 1445 1733 1488 Eadem
1761 1449 1827 1486 est

343 1513 456 1554 ratio
472 1514 702 1555 nominum
722 1510 1048 1568 διπλασιασμὸς,
1066 1520 1105 1555 et
1124 1512 1534 1568 ἀναδιπλασιασμός.
1585 1513 1824 1568 Aliquanto

345 1582 487 1636 magis
520 1584 658 1624 etiam
686 1583 958 1625 contrahitur
986 1597 1082 1631 vox,
1111 1582 1146 1624 si
1178 1583 1391 1639 pingatur
1424 1583 1566 1624 solum
1600 1580 1632 1622 ’Τι-
1663 1595 1764 1623 cum
1791 1576 1826 1622 λ
1898 1605 1900 1609 .

344 1651 653 1706 superscripto,
676 1658 753 1693 aut
773 1647 835 1694 ἦ
855 1665 955 1693 cum
975 1650 1268 1707 superscripto
1286 1651 1319 1692 ἒ.
1381 1651 1453 1692 Sic
1472 1650 1516 1692 ἐν
1527 1650 1613 1706 (ex.
1633 1647 1681 1705 5)
1697 1654 1824 1692 πλεο-

348 1716 498 1772 νασμῷ
523 1717 609 1775 (eX.
626 1717 682 1775 1.)
707 1734 731 1760 e
754 1719 859 1762 Cod.
878 1720 990 1762 Ven.
1014 1721 1143 1762 Hom.
1165 1718 1231 1767 Α.,
1261 1726 1304 1761 et
1334 1718 1377 1761 ἐν
1402 1718 1489 1775 (ex.
1503 1717 1547 1776 5)
1569 1715 1825 1773 πλεονασμῷ

346 1782 432 1839 (eX.
458 1783 504 1839 2)
522 1785 601 1827 τοῦ
615 1786 700 1842 (ex.
720 1791 765 1839 6)
781 1791 811 1834 ῖ,
834 1803 889 1829 ex
909 1787 1050 1843 Etym.
1073 1788 1258 1829 Sorbon.

404 1853 873 1906 Πληθνντικός.-Ἧᾶθ
893 1870 960 1897 ex.
980 1863 1017 1897 2.
1035 1871 1059 1897 e
1076 1856 1179 1897 Cod.
1197 1855 1238 1896 S.
1256 1854 1410 1898 Germ.
1426 1862 1479 1898 34
1487 1863 1522 1898 5.
1572 1854 1699 1909 Saepe
1718 1853 1827 1895 nihil

348 1921 556 1962 scribitur
575 1922 662 1964 nisi
682 1919 755 1972 ἦ,
779 1924 850 1966 cui
868 1924 1130 1980 impositum
1152 1930 1218 1965 est
1241 1930 1282 1971 ῆι
1314 1938 1429 1980 saepe
1450 1924 1559 1965 adeo
1579 1922 1764 1977 simplex
1782 1921 1826 1970 τῖ’,

348 1991 693 2045 superscriptam
713 1992 797 2034 sibi
815 1993 981 2035 habens
1007 1994 1183 2034 literam
1213 1989 1254 2035 λ.
1316 1991 1430 2033 Illud
1455 1990 1531 2033 ubi
1554 1990 1613 2037 fit,
1640 1991 1824 2043 πληθυν-

348 2052 461 2104 τικός
480 2058 611 2112 plane
632 2061 770 2102 refert
788 2076 919 2103 voces
947 2059 1136 2113 πλησιός,
1156 2055 1394 2113 πληκτικός,
1417 2065 1498 2102 etc.
1531 2058 1597 2115 (V.
1616 2071 1751 2112 supra
1778 2058 1826 2098 in

350 2139 389 2166 v,
423 2127 793 2181 καταπληκτικός).
860 2128 912 2170 In
949 2129 1093 2170 altero
1129 2127 1384 2183 compendio
1418 2126 1763 2182 superscriptum
1796 2121 1828 2167 Χ

349 2192 509 2246 passim
530 2195 779 2237 habuerunt
797 2211 879 2252 pro
901 2195 941 2244 ἆ,
962 2198 1253 2253 legeruntque
1273 2194 1510 2250 παθητικάς.

409 2261 705 2316 Πνεῦμα-ΙΙ]
726 2266 887 2322 vulgus
917 2272 1069 2308 notum
1102 2272 1170 2308 est
1198 2266 1327 2321 hujus
1356 2266 1478 2306 vocis
1510 2263 1826 2319 compendium.

352 2329 452 2382 ἦᾶ,
474 2331 526 2371 de
548 2346 633 2386 quo
654 2332 743 2374 dixi
764 2334 819 2375 ad
840 2334 1034 2390 Gregor.
1055 2349 1095 2390 p.
1115 2340 1180 2376 99.
1242 2333 1520 2389 Adjectivum
1536 2332 1639 2373 inde
1659 2331 1830 2373 deriva-

353 2402 446 2438 tum
477 2398 755 2454 πνευματικὸς
783 2404 1089 2458 compendiose
1120 2403 1328 2445 scribitur
1357 2418 1508 2449 πνικος.
1568 2401 1666 2443 Vid.
1695 2413 1827 2442 voces

353 2466 426 2518 τῆς
444 2465 531 2523 (ex.
551 2466 593 2524 l)
609 2472 885 2525 πνευματικῆς
909 2468 1116 2527 γνώσεως.
1176 2470 1289 2518 Quae
1321 2471 1422 2512 huic
1449 2469 1547 2511 voci
1573 2470 1829 2523 caeterisque

357 2535 570 2583 omnibus,
602 2550 638 2576 e.
654 2552 688 2578 c.
722 2552 748 2579 a
779 2538 990 2580 Fischero
1021 2540 1077 2580 ad
1108 2538 1286 2580 Weller.
1317 2537 1366 2578 P.
1385 2536 1416 2578 I.
1441 2551 1481 2591 p.
1501 2543 1596 2578 235.
1624 2535 1828 2584 collectis,

357 2603 733 2659 superimponitur
762 2606 935 2653 lineola,
957 2606 1178 2663 significat
1206 2606 1354 2647 literas
1384 2604 1538 2646 mediis
1569 2605 1618 2645 in
1644 2604 1828 2645 vocibus

356 2684 612 2726 suppressas
643 2687 748 2716 esse.
822 2673 1059 2729 Reperitur
1090 2675 1185 2716 haec
1214 2674 1376 2715 lineola
1408 2674 1456 2714 in
1486 2670 1706 2729 scriptura
1738 2678 1832 2714 tam

357 2739 519 2781 unciali
539 2755 670 2795 quam
691 2741 942 2784 minuscula.
1002 2743 1054 2784 In
1074 2741 1178 2784 Cod.
1194 2741 1235 2783 S.
1255 2742 1409 2784 Germ.
1427 2747 1522 2783 345.
1539 2755 1622 2796 pro
1643 2740 1833 2796 simplici

357 2806 519 2854 lineola
533 2812 693 2865 passim
707 2812 899 2854 occurrit
918 2813 1082 2854 lineola
1103 2826 1203 2854 cum
1220 2810 1426 2853 asterisco
1442 2811 1490 2851 in
1504 2808 1662 2852 medio.
1706 2807 1833 2850 Conf.

360 2888 515 2918 vocem
535 2881 842 2934 compendiose
862 2881 1076 2936 scriptam
1095 2878 1281 2935 οὐρανός.
