1976 3288
677 217 729 244 ne
747 215 933 243 emenus
959 215 1129 242 uranus.
1613 199 1637 242 7

163 312 293 357 versa
303 329 316 355 :
330 313 352 337 ³
402 313 454 355 In
468 309 716 354 minuscula
733 307 949 367 scriptura.
967 310 1165 352 codicum
1184 316 1462 351 vetustorum
1478 310 1640 366 Kappa

161 383 278 424 hanc
294 381 429 423 habet
450 381 650 426 formam,
673 393 804 433 quam
825 378 1014 420 ostendit
1033 391 1132 425 vox,
1152 380 1330 432 Θρᾴκης.

220 449 288 493 De
317 450 572 491 confusione
601 448 729 503 hujus
750 448 911 504 Kappa
940 460 1040 488 cum
1059 445 1172 486 Beta
1192 452 1237 487 et
1258 446 1356 494 Eta,
1376 446 1478 486 vide
1503 458 1640 500 supra

162 519 243 561 lm
259 518 419 559 literas.

221 583 448 627 Interdum
469 583 632 639 Kappa
660 582 798 624 31111110
828 588 893 624 est
922 582 1060 623 literae
1079 581 1159 623 Mu
1179 594 1280 622 cum
1300 594 1437 635 eaque
1458 581 1642 622 confun-

163 653 294 701 ditur,
319 666 356 694 e.
369 666 405 693 c.
436 651 483 692 in
501 652 641 692 verbo
671 648 839 706 ὀγκοῢν,
861 649 898 690 31
925 649 1087 690 lineola
1116 648 1307 699 accedat,
1339 662 1434 702 quae
1464 648 1638 702 copulet

161 721 356 778 primum
395 720 719 772 secundumque
757 718 935 758 d'uctum
970 717 1109 758 literae
1134 717 1309 772 Kappa,
1344 716 1504 757 transit
1543 716 1638 756 haee

161 789 298 832 litera
314 789 363 830 in
381 801 539 829 verum
560 786 650 828 Mu.

222 856 423 911 Denique
456 852 842 896 commemoranda
875 852 952 893 illa
986 852 1132 893 forma
1163 852 1301 892 literae
1334 852 1507 907 Kappa,
1543 863 1639 904 quoe

164 925 359 969 solennis
383 930 449 966 est
479 922 737 978 quibusdam
764 921 956 962 librariis
978 919 1024 961 in
1044 919 1407 975 superscribendo
1427 917 1489 974 (v,
1510 930 1641 958 voces

161 987 452 1049 περιστατικὰ,
477 984 693 1043 κλητικὴν,
709 989 863 1042 ἱππικῇ,
885 986 1236 1043 ἰακῶς)(]1110(1110
1262 988 1565 1042 frequentatur
1593 986 1639 1026 in

165 1060 425 1117 compendio
444 1059 715 1114 syllabarum
735 1057 931 1098 finalium
950 1056 1047 1104 ax—og.

222 1129 292 1171 De
324 1128 607 1170 similitudine
634 1127 776 1167 literae
801 1126 962 1182 Kappa
993 1139 1095 1166 cum
1124 1122 1292 1179 syllaba
1319 1124 1364 1165 ἵν
1392 1123 1492 1164 vide
1525 1122 1643 1166 infra

166 1197 474 1253 compendium
492 1194 570 1236 τοῦ
586 1200 622 1236 Ε
643 1192 783 1247 ψιλοῦ
792 1209 802 1235 :
832 1201 876 1235 et
894 1208 992 1235 cum
1012 1193 1107 1248 syll.
1128 1192 1200 1241 οἷς
1216 1207 1255 1232 v.
1276 1192 1394 1233 infra
1412 1192 1527 1232 hanc
1545 1189 1642 1245 syll.

223 1308 667 1354 Lambda—Formae
695 1314 732 1349 A
758 1314 803 1349 et
830 1300 863 1350 λ
889 1308 934 1348 111
964 1307 1183 1349 codicibus
1215 1319 1331 1347 nunc
1367 1318 1468 1346 cum
1501 1303 1643 1361 Alphe

165 1393 282 1422 nuuc
311 1391 411 1420 cum
443 1377 571 1420 Delta
601 1377 792 1418 confusae
829 1382 945 1417 sunt.
1006 1376 1059 1419 V.
1080 1388 1214 1430 supra
1245 1374 1323 1415 has
1352 1373 1514 1415 literas.
1576 1371 1643 1414 De

167 1450 424 1492 confusione
443 1448 585 1490 literae
606 1453 642 1488 A
664 1460 764 1488 011111
783 1444 914 1487 litera
933 1449 984 1492 Π,
1005 1459 1046 1484 v,
1067 1444 1183 1485 infra
1204 1440 1275 1483 Pi.

226 1517 279 1560 In
310 1516 550 1560 minuscula
578 1511 799 1570 scriptura
830 1527 919 1554 non
948 1511 990 1558 λ,
1013 1512 1088 1553 sed
1119 1511 1196 1552 illa
1225 1510 1370 1551 forma
1398 1514 1468 1550 est
1495 1514 1642 1549 vetus-

166 1588 269 1636 tior,
284 1584 368 1642 quii
387 1584 560 1627 librarii
575 1583 747 1624 Codicis
765 1581 903 1622 Palat.
924 1585 1019 1627 398,
1039 1579 1205 1620 Platon.
1226 1583 1304 1620 180
1313 1584 1348 1627 ’7,
1370 1577 1643 1630 aliorumque

166 1644 386 1699 liBrorum
421 1667 557 1695 manu
597 1651 864 1706 scriptorum
899 1648 965 1690 usi
1003 1654 1114 1694 sunt,
1150 1660 1365 1701 quamque
1405 1658 1560 1686 cernes
1597 1645 1644 1686 in

169 1737 301 1766 voees
322 1720 516 1774 λέληθεν,
542 1714 688 1767 ἄλσος,
712 1715 823 1764 λίαν,
847 1714 1248 1771 &c.—Hujusmodi
1270 1713 1460 1756 Lambda
1487 1713 1644 1754 multa—

169 1805 271 1834 rum
308 1804 439 1832 causa
473 1787 866 1831 commutationum
900 1785 995 1826 fuit.
1080 1783 1346 1824 Habuerunt
1383 1781 1501 1823 enim

230 1874 341 1901 nunc
378 1872 459 1913 pro
489 1857 586 1898 Iota
626 1855 745 1896 infra
778 1855 943 1895 lineam
977 1853 1201 1908 producto,
1234 1851 1521 1907 legeruntque
1553 1863 1589 1891 e.
1608 1864 1643 1890 0.

170 1944 392 1987 τροχμαιοι
414 1941 495 1982 pro
515 1924 757 1982 τρόχμαλα.
819 1937 860 1963 v,
882 1922 1074 1978 Gregor.
1096 1936 1137 1976 p.
1162 1926 1255 1962 512.

227 2011 337 2038 nunc
359 2009 439 2051 pro
455 1994 544 2041 Mu,
564 1992 736 2047 quando
758 2006 793 2032 e.
809 2006 844 2033 c.
867 1987 958 2045 ἅμα
978 1991 1188 2047 legebant
1209 2003 1289 2044 pro
1310 1984 1427 2036 ἅλα;

226 2078 335 2106 nunc
363 2077 444 2118 pro
466 2062 571 2111 Nu;
602 2061 678 2102 Nu
698 2061 761 2101 ita
786 2061 966 2115 scripto,
986 2066 1035 2100 ut
1065 2059 1112 2099 in
1141 2057 1246 2098 Cod.
1271 2055 1410 2098 Palat.
1438 2057 1646 2110 scriptum

170 2137 250 2180 est,
279 2132 430 2187 quales
463 2131 630 2172 formas
666 2128 793 2184 hujus
827 2128 968 2168 literae
996 2127 1092 2182 jam
1124 2126 1274 2182 plures
1305 2125 1456 2172 lector,
1485 2123 1646 2164 tabulis

168 2200 386 2256 inspectis,
414 2205 542 2240 notas
572 2198 714 2238 habet.
774 2195 919 2236 Etiam
947 2195 1118 2277 syllaba
1140 2195 1185 2234 73
1213 2206 1314 2234 cum
1341 2191 1478 2232 literis
1499 2190 1578 2231 Mu
1600 2196 1645 2231 et

170 2267 244 2309 Nu
270 2267 450 2309 confusa
479 2271 568 2306 est:
610 2278 709 2305 cum
733 2264 823 2311 Mu,
851 2263 896 2303 in
925 2261 1049 2316 πάμα
1079 2275 1161 2316 pro
1193 2259 1323 2303 πάλιν
1350 2255 1475 2316 (riam
1506 2258 1646 2299 literae

172 2340 202 2376 ῖι
225 2341 270 2376 et
300 2351 321 2375 ν
342 2333 441 2389 pari
470 2333 600 2374 modo
632 2332 938 2386 compendiose
969 2329 1272 2387 significantur
1302 2325 1463 2369 lineola
1492 2340 1643 2381 super-

169 2399 372 2458 scripta);
406 2416 506 2444 cum
526 2401 612 2448 Nu,
633 2402 678 2442 in
698 2396 773 2455 μὲν
793 2414 875 2455 pro
895 2398 1003 2453 μέλι.

228 2469 397 2526 Duplex
417 2468 609 2511 Lambda
634 2469 743 2509 item
772 2482 854 2522 pro
875 2467 954 2508 Mu
973 2465 1139 2522 passim
1170 2465 1368 2506 habitum
1388 2469 1462 2508 est,
1485 2468 1531 2502 et
1549 2460 1646 2501 vice

164 2535 312 2579 versa.
374 2538 446 2579 Sic
467 2536 740 2591 scripserunt
760 2530 878 2577 ἀλλὰ
898 2548 980 2589 pro
1003 2529 1105 2587 ἅμα.

230 2605 429 2660 Denique
460 2605 632 2660 syllaba
663 2602 720 2645 Χῖ]
750 2610 794 2644 et
828 2602 962 2643 litera
996 2601 1073 2643 Mu
1106 2608 1198 2643 tam
1231 2598 1361 2642 simili
1394 2598 1647 2639 scribuntur

173 2672 316 2720 ductu,
328 2679 386 2720 ut,
398 2673 484 2714 nisi
504 2672 665 2714 seriem
686 2670 900 2712 orationis
922 2670 1134 2715 attendas,
1156 2667 1229 2709 vix
1248 2666 1446 2723 dignosci
1468 2663 1646 2719 possint.

172 2739 227 2782 V.
246 2737 447 2791 ἐκωλυθη,
469 2738 780 2792 καλυπτόμενα.

229 2805 353 2855 Quot
380 2808 616 2889 hucusque
634 2807 886 2849 enumerari
923 2804 1207 2850 confusiones,
1237 2806 1481 2843 nascuntur
1511 2813 1566 2841 ex
1596 2813 1649 2841 ea

521 2916 676 2947 'Etsic
690 2915 959 2958 ''nol-Agompoig
961 2928 1038 2949 em
1060 2913 1128 2943 Por
1129 2910 1313 2942 som—Ed.
