1976 3288
569 255 571 257 ,
644 214 910 247 mmmm
929 212 1077 240 vocum.
1546 199 1603 238 45

127 315 391 371 compendia
403 313 571 355 videbis
590 313 678 354 tab.
689 326 776 352 vm.
792 324 818 351 e
833 308 940 350 cod.
951 310 994 350 S.
1008 307 1162 349 Germ.
1176 311 1270 348 249.
1287 312 1333 348 et
1350 305 1600 362 Etymolog.

130 384 259 426 θοι-1).
318 381 536 423 Accentus
554 380 822 435 spiritusque
843 376 1082 432 saepissime
1111 375 1261 417 omissi
1285 380 1400 417 sunt.
1459 374 1604 417 Voces

129 447 272 504 βίαιος
307 449 333 491 ὁ
370 446 506 503 Ἰξίων
543 445 633 490 ἐστὶ
662 447 746 501 (ex.
768 444 811 500 1)
848 460 904 487 ex
944 443 1179 499 Apollonio
1212 439 1303 498 περὶ
1344 438 1605 495 ἀντωνυμίας

129 523 321 572 sumptae
342 522 457 559 sunt.

187 583 543 631 similitudinem,
570 597 667 637 quae
695 581 847 637 primis
878 582 1048 623 duobus
1081 579 1349 635 compendiis
1379 578 1605 633 particulae

131 648 446 694 &re-intercedit
465 665 567 692 cum
586 647 687 699 ἐστὶ,
712 650 902 691 lectores
922 647 1051 690 facile
1074 647 1442 697 animadvertent3
1473 651 1606 699 atque

130 719 226 761 haee
243 718 489 760 similitudo
510 731 641 759 causa
659 717 744 758 fuit
765 730 844 758 cur
863 717 934 758 hae
953 729 1084 757 voces
1104 714 1488 756 confunderentur.

189 785 259 828 De
274 783 534 840 compendio
553 783 736 839 pluralis
756 779 861 824 εἰσὶν
879 782 998 823 infra
1016 795 1124 822 voce
1146 774 1315 835 κεφαλὴ
1335 779 1490 820 dicam.

189 850 360 894 Notam
374 851 645 907 peculiarem
662 851 800 892 futuri
814 845 935 891 ἔσται
953 848 1093 890 lector
1106 848 1203 902 jam
1221 848 1452 903 cognitam
1469 847 1605 888 habet

132 935 162 964 ο
176 920 358 963 vocibus
376 917 510 968 οὐδεὶς
531 918 685 976 φθόνος
701 915 822 961 ἔσται
842 917 928 975 (ex.
950 916 995 972 2)
1013 931 1038 958 e
1057 916 1160 957 Cod.
1181 915 1225 956 S.
1245 915 1399 957 Germ.
1424 919 1520 955 249.

191 986 296 1037 Quo
317 988 578 1043 compendio
600 987 819 1030 scribatur
838 986 1073 1028 infinitivus
1092 981 1210 1034 εἶναι,
1227 983 1418 1025 ostendit
1434 983 1521 1023 tab.
1538 996 1605 1022 vn.

134 1054 251 1098 Vide
279 1069 411 1097 voces
445 1054 499 1103 ὡς
518 1055 605 1106 (ex.
622 1052 666 1109 ’1)
695 1050 798 1096 εἶναι
827 1052 914 1110 (ex.
934 1051 980 1107 3)
1011 1050 1175 1106 ἡμερῶν
1205 1047 1436 1104 τριάκοντα
1455 1046 1543 1104 (ex.
1561 1045 1608 1101 2)

134 1124 227 1165 tab.
241 1137 269 1164 1.
337 1118 458 1164 Εἶναι
484 1123 532 1163 in
563 1121 744 1163 vocibus
765 1118 882 1175 αὐτῷ
901 1117 1004 1162 εἶναι
1024 1118 1110 1176 (ex.
1126 1115 1172 1174 2)
1203 1115 1339 1172 Δέρης
1368 1130 1451 1158 nec
1480 1115 1607 1170 spiri-

134 1196 234 1232 tum
250 1203 335 1232 nec
353 1189 686 1231 circumflexum
704 1190 851 1231 habet.

191 1254 354 1315 Ἕχειν.
357 1255 668 1299 —Omnibus
655 1271 702 1298 m
722 1257 863 1299 modis
885 1257 1175 1312 personisque
1202 1255 1329 1310 hujus
1348 1250 1509 1294 verbi
1498 1252 1607 1292 mci-

134 1325 355 1381 picentibus
375 1326 508 1367 ab*
458 1341 521 1381 εχ,
542 1326 734 1368 litera*
701 1343 735 1383 χ
763 1324 1101 1381 superscribitur
1122 1325 1260 1366 literae
1288 1321 1460 1370 initiali,
1450 1326 1608 1403 76OEoe-

136 1393 200 1436 ris
221 1393 354 1448 plane
384 1394 564 1435 omissis.
625 1393 675 1435 In
697 1393 881 1435 Scholiis
900 1391 1145 1435 Homericis
1164 1389 1431 1433 Villoisonus
1451 1404 1471 1429 ε
1498 1386 1608 1443 legit

137 1477 198 1509 ευ,
216 1474 318 1502 cum
335 1461 489 1517 legere
510 1458 739 1503 deberet*
709 1467 808 1518 εχὲι.
868 1461 980 1504 Vide
1003 1460 1202 1515 Append.
1224 1473 1266 1512 p.
1286 1463 1353 1498 53.

198 1523 718 1585 errsa.—Lexicographi
748 1534 933 1570 utuntur
962 1529 1045 1569 hac
1074 1541 1193 1572 voce,
1215 1526 1388 1580 quando
1418 1525 1609 1565 lectores

141 1597 198 1640 ad
226 1595 335 1638 alios
363 1597 605 1638 lexicorum
633 1610 812 1638 suorum
842 1596 1051 1638 articulos
1080 1594 1342 1641 amandant3
1380 1607 1416 1634 e.
1430 1606 1465 1633 c.
1486 1587 1609 1645 Ζῆτει

139 1664 199 1712 εἷς
225 1659 278 1706 τὸ
310 1658 507 1717 ἄμπελος.
567 1663 684 1706 Vide
714 1666 762 1705 in
796 1665 863 1712 εἰς.
925 1663 976 1704 In
1007 1663 1167 1704 Codice
1193 1660 1465 1716 Hermogen.
1488 1663 1608 1700 1983.

141 1733 236 1774 hoee
254 1746 343 1774 vox
363 1745 444 1786 per
467 1733 776 1787 compendium
794 1734 856 1774 sic
881 1731 1099 1780 scribitur,
1122 1736 1171 1771 ut
1203 1730 1436 1770 ostendunt
1467 1729 1613 1783 prima

141 1801 229 1842 duo
247 1800 452 1854 exempla
471 1799 590 1841 vocis
617 1795 735 1853 ζήτει.
795 1800 966 1841 Caetera
994 1798 1197 1853 exempla
1214 1796 1334 1838 vocis
1363 1793 1471 1848 ζήτει
1492 1809 1611 1837 com·

140 1866 347 1922 pendiose
385 1866 564 1922 scriptae
604 1867 772 1922 sumpsi
810 1882 866 1909 ex
899 1867 1154 1922 Etymolog.
1190 1865 1329 1907 Paris,
1348 1870 1471 1906 2630.
1543 1864 1611 1906 De

139 1935 276 1977 tertio
295 1933 402 1976 Zeta
431 1948 603 1982 moneo,
629 1935 667 1976 si
697 1936 783 1977 duo
816 1935 960 1990 apices
994 1935 1331 1990 conjungantur,
1360 1932 1463 1973 inde
1494 1933 1611 1973 exis-

142 2008 240 2044 tere
261 2001 397 2042 Beta:
434 2003 488 2043 de
521 2009 688 2056 quarto,
720 2003 907 2045 multum
937 2004 978 2044 ei
1012 2000 1310 2043 similitudinis
1340 2000 1611 2042 intercedere

144 2083 247 2112 cum
265 2067 369 2111 nota
387 2070 616 2125 particulae
636 2065 692 2112 δὲ.
753 2070 862 2112 Vice
885 2085 975 2112 voc.
999 2068 1231 2125 ζωγράφοι.

201 2135 268 2190 ‘Z—ry
286 2137 583 2193 superscripto
602 2138 640 2186 ἦ
662 2139 797 2180 etiam
819 2138 997 2191 ζητεῖται
1019 2137 1269 2193 significare
1290 2141 1447 2190 potest.
1497 2149 1538 2176 v.
1558 2136 1614 2176 ad

144 2203 337 2262 Gregor.
353 2209 501 2260 p.341‚
515 2207 590 2247 ubi
606 2201 713 2259 ζήτει
730 2212 775 2247 et
790 2205 971 2257 ζητεῖται
993 2205 1334 2246 confunduntur.
1373 2198 1475 2255 Ἐζῆ
1493 2216 1612 2244 com-

146 2271 355 2326 pendium
374 2278 442 2313 est
462 2274 672 2327 praeteriti
692 2268 895 2326 ἐζήτηται.

203 2337 556 2394 ”Hyantia—Vide
576 2355 672 2395 quae
691 2354 825 2395 supra
845 2354 887 2395 p.
907 2346 970 2381 52.
994 2340 1047 2380 de
1069 2337 1326 2393 compendio
1358 2337 1486 2392 hujus
1515 2351 1615 2392 par-

146 2407 293 2449 ticulae
313 2407 414 2448 dixi,

203 2472 504 2529 “Ηρο’δοτος.-
518 2476 616 2517 Hoc
650 2490 813 2518 nomen
844 2476 1066 2517 interdum
1098 2488 1178 2530 per
1213 2473 1520 2528 compendium
1554 2472 1615 2515 sic

63 2553 67 2562 τ
146 2540 365 2590 scribitur,
386 2548 436 2584 ut
457 2534 484 2583 δ
507 2542 761 2598 imponatur
787 2542 1060 2585 antecedenti
1088 2559 1122 2588 ο,
1142 2547 1455 2596 sequentesque
1477 2541 1615 2581 literae

146 2608 276 2663 plane
296 2610 566 2650 omittantur.
620 2609 742 2651 Idem
755 2618 820 2652 est
834 2610 1142 2665 compendium
1155 2608 1343 2651 nominis
1355 2606 1614 2661 “Ηρόδωρος;

148 2682 417 2731 quapropter
437 2678 568 2718 ambo
589 2677 681 2718 haec
699 2678 880 2719 nomina
889 2679 1081 2719 confusa
1099 2682 1215 2718 sunt.
1250 2690 1289 2716 v,
1306 2674 1440 2730 Epist.
1461 2689 1502 2728 p.
1523 2679 1614 2715 133.

75 2743 89 2773 -’“
149 2741 295 2783 Etiam
307 2740 361 2783 ‘H
365 2739 578 2796 ρωδιανὸς,
591 2742 784 2798 Ἡρώδης·
798 2750 842 2785 et
852 2742 1079 2798 “Ηρόδοτος
1093 2743 1429 2788 confunduntur,
1441 2740 1615 2794 quando

149 2807 236 2849 duo
266 2808 419 2862 priora
447 2809 629 2852 nomina
658 2811 915 2852 scribuntur
946 2809 1018 2856 sic,
1040 2793 1167 2864 Ἠρῶ,
1190 2809 1311 2851 omni
1338 2814 1436 2850 tum
1465 2808 1615 2849 discri-
