1976 3288
310 255 338 294 4
816 263 867 288 DE
899 260 1078 288 SINGULIS
1111 260 1277 286 LiTEms.

309 362 578 404 mentatione
614 360 711 400 dico
742 357 1074 403 vetustissimo&
1105 356 1145 396 h.
1160 369 1196 396 e.
1236 355 1283 395 in
1313 355 1438 396 libris
1472 355 1578 396 noni
1606 354 1742 396 seculi
1753 358 1790 401 ἡ

311 431 481 472 nullum
525 427 763 483 vestigium
811 426 1047 481 reperitur.
1130 424 1310 480 Epsiton
1352 423 1472 464 enim
1512 424 1674 478 ubique
1723 430 1791 466 est

313 497 456 540 forma
491 494 686 544 rotunda,
720 495 946 549 differtque
982 508 1008 535 a
1042 493 1187 548 Siyma
1221 490 1384 533 lineola
1417 491 1612 533 medium
1645 491 1792 533 locum

314 572 569 620 occupante.
644 563 752 604 Haec
791 562 964 609 lineola,
999 561 1253 602 tenuissimo
1293 559 1451 601 calami
1490 560 1624 600 ductu
1664 559 1792 616 pingi

317 633 461 682 solita,
483 647 584 675 cum
615 632 763 674 oculos
791 631 1037 686 legentium
1067 629 1229 684 passim
1260 628 1490 684 effugerit:
1531 628 1629 682 quis
1660 628 1795 669 mire-

315 709 402 749 tur,
426 701 604 758 Epsilon
631 707 678 741 et
701 700 847 755 Siyma
871 699 916 739 in
939 697 1102 738 unciali
1127 698 1364 752 alphabeto
1395 696 1522 736 facile
1554 695 1794 736 confundi?

318 769 403 810 Sed
433 770 588 810 eadem
623 768 821 809 confusio
853 767 899 808 in
934 763 1180 807 minuscula
1211 761 1425 820 scriptura
1454 763 1625 805 Codicis
1656 762 1795 804 Palat.

321 844 415 879 398.
438 839 711 891 aliorumque
742 836 889 877 locum
917 835 1081 875 habere
1111 839 1267 888 potest,
1294 833 1370 874 ubi
1396 832 1574 888 Epsilon
1599 845 1626 872 a
1649 830 1798 886 Siqma

321 908 484 962 saepius
516 911 690 946 tantum
724 904 933 946 uncinulo
967 917 1100 958 super
1127 903 1292 944 lineam
1327 908 1503 942 extante
1538 899 1693 941 differt.
1751 898 1800 939 Si

320 975 491 1021 lineola,
514 988 609 1028 quae
632 973 812 1029 Epsilon
838 987 863 1014 a
887 972 1034 1027 Siqma
1065 972 1302 1027 distinguit,
1331 985 1421 1011 non
1450 970 1497 1010 in
1527 970 1624 1025 ipso
1655 967 1799 1009 medio

322 1043 461 1096 posita
495 1048 569 1088 est,
601 1041 677 1082 sed
711 1040 811 1081 inde
846 1054 1020 1081 sursum
1050 1052 1205 1080 versus
1243 1037 1454 1078 deflectit:
1499 1037 1586 1078 tale
1620 1035 1800 1091 Epsilon

323 1110 450 1150 facile
477 1115 622 1164 potest
649 1123 732 1163 pro
756 1108 852 1149 Rho
877 1107 1042 1149 haberi.
1104 1107 1175 1148 Sic
1192 1106 1460 1150 Villoisonus
1480 1106 1526 1146 in
1543 1104 1726 1146 Scholiis
1746 1105 1801 1146 ad

324 1176 372 1219 Il.
396 1182 444 1219 E.
464 1184 529 1218 53.
549 1190 785 1232 perperam
812 1177 928 1218 dedit
960 1175 1208 1228 ἀδιανόητον
1239 1176 1307 1230 ἀρ.
1364 1175 1450 1216 Pro
1481 1172 1546 1229 ἀρ,
1568 1187 1670 1214 cum
1698 1172 1802 1214 Cod.

325 1244 478 1292 Marc„
501 1239 546 1286 δὲ
566 1243 804 1299 legendum
835 1249 911 1284 est.
975 1242 1149 1284 Scilicet
1169 1241 1436 1284 Villoisonus
1461 1242 1569 1283 falso
1601 1245 1623 1282 ε’
1650 1254 1733 1295 pro
1763 1240 1801 1293 “ῥ,

324 1306 351 1354 ἕ
370 1328 450 1368 pro
473 1315 502 1355 ἆ
524 1313 686 1354 habuit.

387 1381 437 1422 In
461 1381 497 1422 E
518 1378 639 1434 ψιλῷ
669 1379 923 1421 minusculae
954 1380 1183 1434 scripturae
1213 1378 1382 1419 Codicis
1412 1378 1549 1419 Palat.
1573 1382 1668 1418 398.
1690 1374 1805 1427 (vide

326 1464 362 1490 e.
381 1464 415 1491 c.
438 1463 534 1490 voc.
557 1444 779 1503 ἑλληνικὰ)
799 1449 1071 1502 aliorumque
1093 1448 1245 1488 ductus
1268 1461 1381 1502 saepe
1405 1448 1466 1488 sic
1488 1448 1666 1492 habent,
1687 1451 1749 1491 ut,
1771 1444 1808 1486 si

325 1518 490 1559 lineola
516 1518 725 1572 copulans
753 1531 876 1573 super
895 1517 1000 1558 tinea
1026 1517 1310 1572 adjungatur,
1337 1516 1431 1558 haec
1453 1516 1586 1559 litera
1611 1518 1809 1555 transeat

327 1586 373 1626 in
398 1585 532 1628 Theta
550 1585 625 1642 (θ).

408 1654 459 1695 In
485 1654 590 1695 Cod.
625 1656 669 1696 S.
700 1653 849 1695 Germ.
876 1660 970 1695 345.
994 1655 1175 1711 Epsilon
1206 1655 1368 1710 passim
1396 1653 1457 1695 sic
1488 1652 1700 1707 scriptum
1729 1654 1808 1694 est,

330 1730 380 1765 ut
400 1723 447 1764 in
468 1723 647 1776 vocibus
669 1722 828 1777 ἐέλδωρ
851 1729 894 1764 et
914 1723 1017 1777 ἑῆος.
1079 1723 1212 1770 Quod
1238 1724 1277 1764 si
1303 1722 1474 1764 medius
1503 1722 1670 1765 ductus.
1688 1724 1738 1760 ut
1762 1718 1810 1758 in

329 1806 368 1832 v.
390 1790 490 1846 ἑῆος,
510 1806 601 1833 non
621 1799 747 1833 recta
764 1793 1024 1848 porrigitur,
1047 1794 1122 1834 sed
1142 1793 1342 1833 nonnihil
1363 1793 1643 1832 incurvatur:
1671 1787 1810 1843 persi-

329 1861 443 1902 milis
463 1861 512 1911 fit
532 1859 592 1915 τῷ
613 1865 647 1902 Υ
668 1858 801 1915 ψιλῷ,
821 1862 1034 1915 literaque
1055 1863 1074 1903 ἓ
1093 1861 1221 1902 facile
1248 1862 1437 1901 habetur
1457 1873 1539 1913 pro
1559 1854 1729 1912 syllaba
1745 1853 1810 1897 σ’ῖι.

333 1928 450 1970 Hinc
485 1929 679 1970 solennis
714 1928 911 1970 confusio
946 1929 1302 1983 praepositionum
1328 1930 1373 1970 ε“ν
1399 1934 1442 1969 et
1462 1922 1543 1968 5·ῖῖ
1561 1927 1608 1967 in
1631 1925 1813 1966 vocibus

334 1998 598 2052 compositis,
629 1998 721 2038 sive
752 1999 772 2037 ῦ
800 2003 989 2043 maneat,
1022 2011 1100 2038 seu
1133 2004 1326 2038 mutetur
1352 1997 1398 2037 in
1429 1997 1461 2050 ἢ
1489 2001 1562 2037 aut
1590 1997 1635 2048 ᾖ.
1695 1992 1812 2034 Vide

333 2080 463 2106 voces
483 2062 777 2121 συμφῶνισται
799 2072 841 2107 et
862 2065 1275 2120 ἓπισυμπεπτωκότα,
1294 2081 1318 2107 e
1339 2065 1443 2106 Cod.
1466 2064 1508 2106 S.
1530 2063 1683 2105 Germ.

393 2133 460 2174 De
481 2133 764 2175 similitudine
787 2136 949 2189 passim
970 2133 1099 2176 obvia
1119 2134 1196 2176 τοῦ
1213 2135 1249 2175 Ε
1270 2132 1409 2188 ψιλοῦ
1425 2147 1524 2174 cum
1550 2131 1729 2187 syllabis
1746 2132 1814 2176 ῖοῖῐι,

330 2206 388 2250 ὀῖς
408 2209 452 2243 et
471 2205 525 2250 ἓν,
547 2217 586 2243 v.
608 2202 726 2244 infra
745 2203 824 2245 has
846 2204 1047 2258 syllabas.

394 2340 679 2381 Zeta—Zeta
700 2346 743 2381 et
758 2341 823 2382 Xz‘
844 2355 945 2382 cum
964 2343 1216 2384 scribantur
1232 2341 1445 2383 similibus
1466 2341 1660 2395 adeoque
1681 2335 1815 2379 simil-

337 2406 450 2447 limis
481 2407 693 2454 ductibus,
725 2422 815 2450 non
845 2409 1008 2450 mirum
1038 2418 1112 2458 est,
1144 2412 1274 2452 toties
1310 2411 1427 2451 inter
1459 2423 1505 2450 se
1537 2405 1815 2450 commutari.

338 2472 450 2514 Vide
471 2488 601 2516 voces
629 2470 735 2528 ἕξειν
759 2482 802 2517 et
831 2477 946 2530 ζῴων
966 2491 990 2517 e
1010 2477 1112 2518 Cod.
1134 2478 1272 2519 Palat.
1297 2484 1393 2519 398.
1413 2477 1520 2518 item
1544 2469 1688 2530 ξανθὴ,
1713 2471 1819 2529 ξενί-

340 2541 431 2591 ζειν,
456 2537 570 2590 Zeus,
594 2542 835 2594 ζηλοτυπία,
859 2559 882 2585 e
905 2544 1011 2586 cod.
1034 2545 1076 2586 S.
1099 2545 1251 2587 Germ.
1273 2551 1365 2587 345.

400 2609 466 2650 De
489 2610 582 2651 aliis
598 2611 749 2652 formis
770 2612 908 2652 literae
929 2613 1037 2653 Zeta
1058 2614 1156 2654 vide
1177 2628 1216 2653 v.
1241 2609 1358 2666 ζήτει.

388 2792 409 2810 '¹’
434 2793 674 2824 Vetustissimos
691 2793 824 2825 codices
841 2793 917 2825 dico
933 2794 1039 2826 libros
1053 2795 1159 2827 seculi
1176 2796 1258 2827 noni
1274 2808 1283 2827 :
1315 2801 1468 2837 vetustos,
1483 2797 1619 2838 decimi,
1633 2798 1822 2840 undecimi,

343 2845 559 2876 duodecimi:
598 2847 817 2878 recentiorum
848 2852 1039 2889 temporum,
1068 2849 1192 2881 decimi
1217 2850 1312 2882 tertii
1344 2851 1553 2892 quartique:
1584 2852 1739 2892 novellos,
1766 2853 1824 2884 de-

341 2898 421 2929 cimi
441 2899 555 2938 quinti
573 2900 741 2941 sextique.

1964 1969 1976 2133 *infin-d.
1968 1926 1976 1953 ¹—-
1973 1871 1976 1892 ..
