1976 3288
555 704 860 753 LECTORI
908 705 1302 756 BENEVOLO.

199 1062 234 1086 “
263 1053 647 1113 Consu‘russssxr
700 1061 773 1109 vir
828 1061 1256 1126 praestantissimus
1313 1061 1518 1125 [Frider.
1560 1063 1590 1110 J
1594 1079 1666 1110 ac.

197 1155 232 1177 “
257 1150 492 1214 Bastius]‚
538 1149 767 1213 quicquid
821 1150 1317 1214 palaeographicarum
1374 1152 1669 1201 observatio-

195 1246 231 1270 “
253 1256 374 1290 num
395 1241 446 1289 in
468 1240 598 1288 notis
621 1239 685 1288 ad
703 1239 994 1303 Gregorium
1019 1239 1345 1298 Corinthium,
1368 1242 1584 1305 itemque
1618 1241 1667 1288 in

77 1323 85 1347 ·’
197 1334 231 1358 “
254 1329 478 1396 Epistola
513 1329 699 1378 Critica
738 1329 801 1378 ad
837 1329 1192 1378 Boissonadum
1234 1330 1436 1394 ejusque
1472 1331 1670 1395 Appen-

122 1406 128 1410 ’
197 1402 232 1446 ἕ*
255 1419 380 1478 dice,
403 1419 674 1484 dispersum
697 1424 789 1476 est,
814 1425 1044 1467 accurato
1078 1418 1323 1483 plenoque
1347 1418 1514 1468 Indice
1538 1433 1671 1466 com-

197 1512 231 1534 “
253 1506 662 1573 plecti.-Itaque
696 1508 746 1555 in
781 1508 911 1557 notis
939 1508 1002 1557 ad
1027 1507 1413 1556 Grammaticum
1448 1512 1670 1555 nostrum

196 1596 461 1646 “lectores
501 1598 679 1662 passim
707 1597 853 1662 jussit
890 1597 1038 1654 adire,
1067 1597 1277 1645 Iudicem
1307 1596 1671 1661 Palaeographi-

198 1691 233 1713 “
254 1703 373 1738 cum.
444 1685 544 1734 Sed
575 1702 687 1735 cum
725 1686 859 1751 operi
893 1702 1093 1735 manum
1124 1685 1433 1743 admovisset,
1458 1686 1591 1750 quod
1621 1686 1670 1734 in

198 1780 232 1802 “
254 1774 396 1824 tanta
457 1774 844 1839 exquisitissimae
909 1774 1147 1822 doctrinae
1208 1774 1431 1822 ubertate
1498 1779 1670 1837 totque

198 1868 233 1891 “
258 1863 526 1929 Imperialis
567 1863 885 1912 Bibliothecae
931 1863 1172 1911 thesauris
1217 1877 1364 1910 nemo
1403 1861 1671 1917 mirabitur,

198 1957 233 1979 “
254 1952 459 2000 materia
481 1952 606 2001 adeo
632 1953 862 2010 excrevit,
882 1958 953 2008 ut,
976 1957 1203 2000 currente
1226 1953 1352 2010 rota,
1371 1967 1471 1999 non
1498 1951 1671 2008 Index,

200 2044 234 2066 “
257 2039 345 2088 sed
359 2039 482 2088 liber
498 2040 651 2088 exiret
675 2039 850 2104 plenus
872 2056 1033 2087 rerum
1059 2040 1370 2104 optimarum,
1391 2046 1671 2104 pergratum

199 2135 232 2157 “
257 2135 521 2199 Philologis'
555 2134 774 2182 futurum
811 2127 937 2199 δεῖξον
970 2129 1021 2180 ἐκ
1056 2133 1258 2182 Μοισᾶν.
1337 2135 1503 2192 Hunc,
1527 2134 1671 2182 titulo

199 2225 540 2289 “inscriptum
600 2223 1043 2271 commentationis
1097 2223 1522 2287 Palaeographicae‚
1576 2223 1671 2272 hoc

201 2317 235 2339 “
256 2312 368 2362 loco
390 2329 573 2378 ponere
596 2311 1078 2376 placuit.’'——ScnAEF.

268 2436 346 2485 De
376 2435 788 2485 commentatione
817 2434 1214 2499 Palaeographica
1249 2435 1498 2484 clarissimi
1523 2437 1673 2484 Bastii
1699 2418 1721 2425 ’

201 2542 511 2590 nequaquam
542 2541 624 2574 me
658 2525 815 2582 decet,
849 2525 1028 2572 Lector
1058 2525 1311 2582 benevole,
1340 2525 1520 2588 aliquid
1555 2524 1672 2588 adji-

202 2630 313 2662 cere
356 2615 514 2663 verbis
560 2614 823 2663 doctissimi
869 2613 1100 2662 Schaeferi
1144 2631 1256 2677 quae
1299 2616 1446 2678 supra
1491 2614 1670 2668 citavi3

203 2701 429 2766 quaedam
485 2709 650 2751 tamen
700 2703 762 2751 de
814 2703 990 2750 tabulis
1047 2703 1166 2750 mihi
1220 2703 1364 2751 liceat
1420 2709 1670 2751 annotare.

203 2789 396 2839 Tabula
442 2792 614 2855 prima,
656 2792 891 2856 quasdam
945 2793 1227 2850 sententias,
1268 2809 1294 2840 e
1335 2793 1486 2840 Bastii
1541 2808 1673 2840 com-

203 2880 502 2929 mentatione
549 2887 819 2946 excerptas,
858 2882 1071 2939 exhibet,
1110 2881 1284 2945 quibus
1330 2881 1673 2946 explicationes
