1976 3288
306 237 334 276 6
820 248 869 273 us
894 249 1075 275 sas-cums
1105 248 1271 274 mrsms.

366 346 419 387 V.
441 345 574 386 etiam
603 343 712 384 Beta
744 349 787 384 et
816 343 1008 400 Epsilon‚
1041 348 1170 396 atque
1203 343 1259 382 ob
1292 342 1483 383 formam
1510 333 1544 385 .“9’
1565 341 1654 384 Phi
1681 347 1727 384 et
1756 356 1788 384 s.

307 414 403 469 syll.
425 411 481 454 e-v.

368 549 653 595 Iota—Iota,
690 549 816 589 initio
853 548 972 588 vocis
1006 547 1210 602 positum,
1243 548 1290 587 in
1326 547 1488 588 Codice
1522 547 1659 590 Palat.
1694 554 1789 590 398.

310 618 479 659 duobus
511 617 682 672 punctis
711 616 858 656 notari
888 614 1011 655 solet.
1075 614 1147 656 Sic
1166 615 1213 656 in
1234 615 1399 669 ἱστορεῖ,
1422 613 1556 664 ἰδίαις.
1615 615 1665 658 Id
1691 630 1791 658 cum

310 687 370 736 fit,
389 685 559 728 librarii
585 685 750 741 passim
771 683 976 738 spiritum
996 683 1232 732 omittunt3
1268 683 1372 724 alibi
1391 698 1481 725 non
1501 685 1643 726 solum
1665 685 1792 740 spiri-

307 762 417 804 tum,
439 756 517 796 sed
538 754 668 795 simul
690 759 936 800 accentum,
958 765 993 792 e.
1010 766 1044 792 c.
1065 752 1112 792 in
1130 749 1273 800 ἰἀκῶς.

369 823 672 865 Posteriorum
691 828 943 876 temporum
964 821 1122 862 scribae
1143 821 1229 861 duo
1249 820 1325 862 illa
1344 827 1505 876 puncta
1520 835 1631 876 pene
1652 822 1795 864 omni-

310 894 392 934 bus
417 899 462 933 et
482 897 501 932 ῑ
521 898 566 932 et
587 893 621 939 ῦ,
643 890 735 932 sive
762 891 816 931 ab
844 889 973 930 initio
998 903 1157 930 vocum
1178 903 1258 931 seu
1284 890 1401 938 alibi,
1419 890 1792 945 imposuerunt.—

311 959 536 1001 Interdum
557 960 745 1000 duorum
764 959 862 999 loco
887 964 1152 1014 punctorum
1172 971 1309 999 unum
1330 959 1524 1014 ponitur.
1595 973 1636 1000 v.
1658 973 1791 1002 voces

311 1027 475 1072 σίνεταί
508 1034 636 1085 φησιν
677 1042 702 1069 e
739 1027 845 1068 Cod.
882 1027 1065 1069 Philem.
1104 1026 1209 1068 Lex.
1250 1027 1459 1069 Technol.
1543 1027 1595 1069 In
1630 1028 1793 1070 Codice

312 1097 528 1138 Draconis
553 1093 644 1151 περὶ
676 1094 838 1150 μέτρων
867 1109 1044 1150 semper
1070 1096 1198 1151 legas
1222 1091 1412 1150 διΐπετὴς,
1438 1088 1645 1150 διΐαμβος,
1668 1095 1790 1145 θέτιΐ,

313 1164 477 1222 φόρκυϊ,
517 1172 597 1206 etc..
639 1166 715 1207 ubi
757 1166 862 1207 bina
904 1171 1067 1219 puncta
1108 1178 1240 1219 super
1278 1166 1519 1219 posteriore
1559 1165 1656 1207 Iota
1695 1171 1798 1207 sunt

312 1240 478 1289 puncta
498 1232 742 1288 διαιρετικά.

373 1303 470 1344 Iota
492 1304 606 1357 quod
628 1302 904 1358 subscriptum
931 1301 1126 1349 dicimus,
1148 1302 1253 1343 olim
1276 1302 1323 1343 in
1349 1303 1447 1358 ipso
1467 1315 1603 1344 versu
1626 1305 1795 1345 scribe-

314 1373 457 1419 batur,
500 1385 616 1412 nunc
663 1371 909 1413 communis
955 1371 1123 1412 habens
1169 1371 1323 1413 formae
1363 1372 1640 1419 brevitatem,
1679 1385 1796 1414 nune

314 1439 443 1481 solito
474 1439 653 1494 longius
683 1444 1022 1493 porrectumque
1051 1439 1170 1479 infra
1198 1438 1362 1479 lineam
1390 1436 1451 1495 (v,
1479 1453 1609 1480 voces
1637 1435 1795 1493 ᾧκηται

314 1514 358 1548 et
384 1505 545 1563 πολλῇ)
570 1507 791 1548 interdum
822 1508 956 1548 etiam
987 1506 1405 1561 superscribebatur‚
1437 1508 1477 1548 si
1508 1508 1655 1550 scriba
1687 1508 1797 1550 omi-

315 1575 456 1616 sisset.
517 1589 557 1615 v.
580 1570 745 1629 βήσσῃς
775 1582 820 1616 et
849 1572 1256 1630 ‹wesema—Multae
1281 1589 1423 1624 voces,
1456 1590 1574 1618 nunc
1597 1582 1798 1619 carentes

316 1645 412 1686 Iota
432 1644 687 1698 subscripto,
701 1645 747 1685 in
770 1644 989 1685 codicibus
1010 1658 1109 1685 cum
1127 1644 1203 1685 illo
1223 1644 1516 1698 reperiuntur.
1576 1659 1619 1686 v.
1640 1643 1796 1701 κρύφα.

374 1713 462 1754 Pro
494 1712 623 1754 litera
651 1719 668 1754 ἶ
693 1714 739 1754 in
770 1713 993 1754 codicibus
1026 1712 1190 1768 passim
1219 1713 1386 1769 legitur
1417 1712 1711 1770 diphthongus
1742 1713 1798 1754 εῖτ

317 1782 438 1836 cujus
459 1780 525 1822 rei
545 1795 675 1822 eausa
694 1794 789 1822 esse
813 1788 957 1836 potest
979 1780 1286 1835 pronunciatio
1299 1781 1566 1824 Graecorum
1585 1800 1630 1831 ει,
1652 1800 1684 1832 η,
1706 1801 1740 1831 ι,
1761 1800 1798 1825 οι

315 1857 360 1891 et
380 1850 404 1890 ὗ
434 1850 586 1890 eodem
606 1863 713 1890 sono
735 1848 1031 1890 efferentium.

374 1919 429 1961 V.
458 1919 511 1959 de
539 1918 823 1960 similitudine
852 1917 988 1958 literae
1015 1916 1112 1957 Iota
1143 1919 1225 1959 sub
1251 1917 1414 1960 lineam
1443 1920 1667 1974 productae
1699 1935 1799 1963 cum

320 1986 525 2036 Lambda‚
546 1987 654 2034 Rho,
677 1985 720 2029 ἷῖι
741 1994 784 2027 et
805 1983 887 2034 καὶ,
909 1983 976 2033 ἇῖ,
998 1983 1055 2040 εΤο,
1077 1986 1196 2028 infra
1215 1987 1294 2028 has
1313 1988 1464 2030 literas
1483 1995 1527 2030 et
1547 1989 1756 2045 syllabas.

380 2120 767 2178 Kappa.-—Quod
806 2136 923 2164 nunc
963 2136 1225 2178 usurpamus
1270 2123 1316 2164 in
1360 2125 1592 2179 alphabeto
1637 2126 1803 2169 unciali

322 2191 486 2247 Kappa
518 2189 610 2247 (K),
641 2191 686 2232 in
720 2192 921 2234 codicum
954 2189 1172 2248 scriptura
1206 2200 1388 2248 apparet
1422 2200 1517 2236 tam
1555 2193 1801 2238 minuscula

323 2272 455 2313 quam
484 2259 658 2301 unciali.
720 2258 875 2303 Altera
900 2266 1050 2302 tamen
1073 2275 1175 2315 pars
1193 2262 1322 2317 hujus
1344 2263 1482 2305 literae
1503 2264 1548 2304 in
1579 2264 1802 2306 codicibus

322 2340 414 2368 non
435 2341 610 2383 semper
630 2329 724 2383 ejus
756 2335 821 2370 est
847 2330 1015 2378 formae,
1037 2328 1122 2385 quii
1149 2344 1265 2371 nunc
1296 2331 1407 2388 fingi
1437 2331 1559 2378 solet,
1591 2333 1668 2374 sed
1697 2333 1802 2375 satis

324 2395 580 2449 frequenter
615 2393 769 2438 ductus
799 2399 981 2439 rotundi
1013 2404 1088 2440 est.
1161 2398 1274 2440 Vide
1308 2400 1472 2456 Kappa
1502 2402 1548 2442 in
1581 2396 1804 2449 κατατοῦς,

325 2461 488 2515 ἐκείνης,
518 2461 588 2505 καὶ
612 2463 698 2519 (ex.
720 2462 779 2520 7),
810 2462 943 2514 ἀλκὶς,
965 2472 1011 2507 et
1042 2465 1333 2509 αἰολικοῢ.-.Ῑ
1336 2481 1408 2509 am
1436 2467 1472 2509 si
1499 2469 1662 2525 Kappa
1691 2469 1805 2510 hane

324 2531 516 2573 formam
550 2533 698 2581 habet,
732 2533 946 2588 simulque
984 2534 1200 2590 posterior
1235 2549 1338 2589 pars
1374 2549 1400 2576 a
1433 2537 1573 2591 priori
1604 2535 1805 2578 nonnihil

327 2600 473 2647 distat,
493 2597 630 2657 (quod
651 2614 770 2655 saepe
791 2602 995 2644 accidisse
1014 2602 1108 2658 quis
1129 2617 1219 2644 non
1237 2603 1446 2661 intelligit
1458 2604 1499 2660 Ρ)
1515 2606 1605 2646 tale
1628 2605 1803 2662 ΚαΡΡα,

324 2667 409 2708 nisi
439 2681 618 2709 sensum
649 2670 890 2711 verborum
924 2671 1169 2725 seriemque
1204 2671 1416 2714 orationis
1449 2674 1682 2728 expendas,
1715 2688 1804 2715 non

324 2736 465 2789 possis
478 2736 748 2792 dignoscere
773 2752 801 2779 a
822 2739 994 2794 syllaba
1011 2741 1058 2786 ῖς,
1082 2754 1182 2781 cum
1209 2737 1293 2795 qua
1319 2755 1435 2796 saepe
1456 2742 1689 2784 confusum
1708 2741 1805 2784 fuit.

326 2801 527 2859 ——Hujus
544 2805 824 2855 confusionis,
844 2821 870 2850 a
889 2807 1066 2850 nemine
1086 2809 1236 2857 adhuc,
1259 2812 1373 2864 quod
1395 2810 1544 2860 sciam,
1565 2811 1810 2867 explicatae,-

330 2883 461 2912 causa
492 2885 607 2914 nunc
642 2874 875 2918 manifesta
905 2883 982 2919 est.
1041 2875 1115 2919 Sic
1147 2877 1356 2934 legerunt
1384 2878 1431 2922 ἐκ
1456 2893 1538 2934 pro
1560 2880 1627 2928 εἰς,
1649 2886 1692 2922 et
1710 2880 1807 2921 vice
