1976 3288
652 223 917 265 {arlicmnmi
947 236 1096 266 vocum.
1552 230 1609 270 49

137 327 348 374 videbunt
365 333 454 374 tab.
470 345 526 373 xr.
582 331 634 374 In
653 330 869 388 scriptura
888 332 1051 375 unciali
1070 341 1304 390 utrumque
1323 332 1354 378 ’ἆ
1373 337 1606 392 saepissime

135 397 362 447 omittitur,
394 414 446 442 ac
473 404 501 442 -·r
528 402 736 442 scribitur
766 415 898 456 super
925 405 963 442 k.
1027 401 1125 444 Tali
1154 405 1412 459 compendio
1441 405 1606 461 pictum

134 461 248 509 κατὰ
282 466 369 523 (ex.
389 466 431 524 1)
463 469 509 510 in
548 467 792 512 Scholiasta
830 468 1058 512 Platonico
1090 486 1131 527 p.
1158 477 1249 514 170.
1285 474 1400 515 male
1439 474 1605 516 habue-

133 530 240 578 runt
258 549 342 592 pro
360 537 670 593 praepositione
690 537 749 581 ἑκ.

190 603 417 648 Praeterea
445 607 692 662 praepositio
728 605 839 651 κατὰ
874 611 1100 666 propriam
1133 610 1217 652 sibi
1252 625 1304 652 ae
1337 613 1606 666 peculiarem

133 677 287 716 notam
323 674 471 721 habet,
506 689 639 730 quam
672 689 828 718 cernes
862 676 908 718 in
939 692 1049 720 voce
1088 677 1396 734 καταφρονῶνς
1446 681 1492 720 in
1528 694 1604 721 ex-

134 740 280 796 emplo
304 747 380 784 ¹7³⁰.
401 756 495 784 voc.
517 739 629 785 κατὰ
658 745 748 786 tab.
762 759 816 786 x1.
837 760 862 786 e
882 746 1033 800 phrasi
1062 746 1107 788 ἓν
1131 744 1193 800 τῷ
1220 745 1312 788 κατ’
1335 745 1605 802 Ἀριστοκρά-

134 822 259 870 *rcus-3
298 809 485 865 denique
518 811 564 852 in
595 826 660 853 ex.
688 817 755 853 9⁰⁰.
778 827 803 854 e
826 814 921 868 phr.
942 812 1003 868 τῷ
1034 810 1145 856 κατὰ
1172 813 1259 871 (ex.
1276 812 1323 870 9)
1349 813 1606 869 παράληψιν

133 870 332 934 σχήματι.
391 877 500 921 Haec
521 885 631 921 nota
651 894 851 922 connexa
881 895 980 923 cum
1008 880 1138 923 litera
1166 888 1374 936 sequente
1404 882 1605 923 nonnihil

132 944 267 988 habet
287 946 584 990 similitudinis
604 963 704 991 cum
724 951 1039 1006 praepositione
1060 946 1155 998 ἀπὸ,
1175 965 1218 992 v,
1240 946 1324 993 ἀπὸ
1342 949 1602 1004 βαρυτόνων.

131 1009 248 1056 Vide
266 1014 402 1056 etiam
420 1015 468 1057 in
487 1030 526 1056 v.
548 1015 667 1070 μετά.

192 1079 827 1132 Καταδικασθέντες-Ξοτὶὺε,
865 1086 1037 1128 Codicis
1078 1085 1124 1128 S.
1160 1085 1309 1128 Germ.
1355 1091 1450 1127 345.
1490 1087 1604 1127 hanc

131 1161 288 1190 vocem
313 1150 420 1192 satis
452 1152 658 1194 audacter
687 1153 748 1195 sic
778 1155 1010 1200 contraxit,
1035 1161 1084 1196 ut
1113 1147 1139 1196 ἓ
1167 1155 1379 1196 scriberet
1409 1168 1541 1209 super
1561 1152 1602 1199 ἆ,

132 1222 447 1273 sequentesque
467 1218 659 1273 syllabas
673 1221 804 1275 plane
822 1219 1058 1261 omitteret.
1108 1234 1148 1260 v.
1165 1221 1202 1261 A
1208 1221 1365 1274 ppend,
1387 1235 1427 1276 p.
1443 1226 1506 1268 18,
1526 1220 1602 1261 ubi

132 1283 263 1326 simul
281 1292 495 1334 monetur,
517 1272 630 1329 κατᾶ
657 1288 794 1329 etiam
814 1302 897 1343 pro
916 1302 1024 1330 voce
1046 1286 1264 1331 κατάδικοι
1287 1290 1435 1330 valere
1465 1302 1602 1343 posse.

133 1348 395 1395 Accumtius
425 1355 539 1397 foret
569 1356 877 1411 compendium
905 1356 1126 1411 participii
1150 1354 1541 1402 καταδικασθέντες,
1565 1354 1603 1394 si

135 1419 162 1460 θ
187 1421 458 1464 scriberetur
490 1437 622 1478 super
651 1439 692 1465 σ.
767 1423 885 1465 Nam
915 1426 941 1466 θ
968 1425 1310 1479 superscriptum
1347 1424 1604 1478 plerumque

131 1485 297 1529 indicat
317 1490 530 1531 aoristum
556 1495 588 1531 l.
604 1491 783 1545 passivi.

201 1556 876 1612 Καταπληκτικός.-Πληκτικὸς
914 1561 1173 1615 plerumque
1209 1561 1270 1602 sic
1304 1561 1520 1606 scribitur,
1556 1567 1604 1601 ut

133 1631 316 1679 apparet
334 1627 424 1668 tab.
436 1641 502 1668 xv.
523 1642 548 1669 e
569 1627 670 1669 Cod.
694 1629 792 1671 Vat.
817 1634 911 1670 305.
972 1627 1019 1670 Si
1049 1629 1301 1671 scribuntur
1331 1629 1434 1670 solae
1466 1629 1604 1669 literae

130 1690 195 1734 ῐΧ
231 1693 569 1748 superimposito
609 1694 648 1748 ἦ,
689 1696 771 1736 hoc
811 1696 1118 1751 compendium
1155 1696 1246 1753 legi
1285 1703 1427 1752 potest
1465 1697 1601 1738 etiam

129 1757 317 1810 πλησίος,
338 1758 624 1812 πληθυντικός,
647 1769 730 1805 etc.

186 1825 450 1884 Κατηγορία,
472 1825 883 1886 κατήγορος.-.Ῑ3ω
912 1845 1045 1887 supra
1066 1847 1104 1873 v,
1126 1831 1283 1887 ἀπορία
1314 1833 1367 1874 de
1398 1846 1601 1888 compen-

130 1895 202 1938 dio
222 1897 410 1951 quodam
429 1897 656 1939 nominum
676 1900 721 1940 in
742 1915 894 1955 ηγορια
914 1906 959 1941 et
980 1916 1132 1955 ηγορος
1152 1901 1322 1942 locutus
1346 1914 1454 1942 sum.
1514 1900 1600 1942 Sed

130 1970 351 2018 praeterea
378 1966 440 2006 sic
470 1965 724 2022 pinguntur,
755 1974 803 2008 ut
836 1968 861 2009 ὃ
889 1974 1081 2023 ponatur
1113 1982 1246 2023 super
1278 1985 1344 2024 ηγ,
1376 1970 1601 2023 literaeque

128 2038 359 2087 sequentes
388 2034 658 2075 omittantur.
730 2034 781 2076 E.
798 2050 832 2076 c.
856 2026 1004 2091 κατηῆ,
1040 2036 1155 2090 quod
1187 2036 1307 2077 valet
1345 2050 1462 2077 nunc
1498 2052 1600 2077 κατ-

130 2095 295 2154 ηγορία,
334 2113 452 2142 nunc
493 2096 735 2157 κατήγορος,
771 2116 812 2143 v.
848 2101 1038 2158 Gregor.
1074 2117 1114 2157 p.
1140 2108 1234 2144 456.
1314 2103 1419 2145 Pari
1467 2104 1599 2144 modo

128 2154 236 2223 διαῷ
257 2166 392 2223 (linea
409 2172 660 2211 transverse
684 2168 811 2211 ducta
831 2185 910 2225 per
930 2171 1115 2212 caudam
1135 2171 1275 2211 literae
1297 2168 1351 2225 ᾧ)
1371 2171 1598 2226 significat

127 2247 245 2276 nunc
271 2232 470 2291 διαφορὰ,
489 2250 606 2278 nunc
627 2235 840 2293 διάφορος.
895 2237 1048 2279 Scriba
1066 2237 1239 2279 Codicis
1260 2239 1301 2279 S.
1324 2237 1479 2279 Germ.
1503 2244 1597 2279 345.

126 2317 213 2358 quo
233 2303 491 2357 compendio
511 2317 666 2345 vocem
686 2301 886 2361 συμφορὰ
906 2305 1080 2352 scribat,
1104 2306 1230 2347 docet
1250 2307 1336 2347 tab.
1359 2321 1457 2348 xvn.

177 2364 374 2426 Κεφαλὴ,
390 2368 626 2426 κεφάλαιον
645 2378 855 2413 notantur
874 2372 1061 2428 simplici
1079 2373 1108 2414 ἴ(
1128 2374 1198 2414 cui
1216 2372 1237 2414 ἓ
1255 2375 1597 2430 superscriptum

128 2444 207 2481 est.
262 2437 483 2480 Pluralem
501 2453 736 2482 numerum
755 2441 912 2482 harum
932 2455 1090 2483 vocum
1108 2441 1279 2483 librarii
1296 2442 1516 2485 interdum
1536 2445 1597 2485 sic

127 2505 444 2562 significarunt,
458 2513 507 2548 ut
523 2509 830 2563 compendium
846 2510 953 2550 illud
972 2498 1009 2563 ἦ]
1031 2509 1096 2551 bis
1117 2509 1319 2566 deinceps
1339 2512 1594 2553 scriberent.

126 2573 224 2616 Vid.
244 2588 338 2616 voc.
369 2575 476 2627 (tab.
499 2573 576 2631 Χι.)
603 2591 627 2617 e
654 2577 758 2618 Cod.
780 2577 1057 2634 Hermogen.
1084 2583 1208 2619 1983.
1283 2578 1477 2620 Omnino
1511 2580 1591 2620 ite-

125 2641 241 2683 ratio
274 2642 417 2684 literae
452 2645 761 2699 superscriptae
789 2659 903 2699 saepe
935 2653 1001 2687 est
1032 2647 1165 2687 index
1197 2646 1370 2686 numeri
1403 2647 1592 2700 pluralis.

53 2740 57 2742 Ἴ
125 2724 165 2750 v.
185 2709 384 2765 Append.
406 2725 447 2765 p.
469 2712 530 2751 13'.
591 2711 663 2753 Sic
683 2714 846 2754 factum
865 2715 910 2754 in
932 2715 1110 2755 vocibus
1131 2713 1319 2767 ὀνόματα
1343 2711 1427 2755 τῶν
1445 2712 1530 2768 (ex.
1551 2711 1596 2768 2)

123 2775 285 2818 παίδων
311 2777 405 2825 ταῖς
425 2779 512 2832 (ex.
532 2777 575 2830 1)
594 2780 805 2837 μετοχαῖς,
826 2777 906 2835 πρὸ
933 2775 979 2822 δὲ
1003 2779 1091 2834 (ex.
1109 2778 1156 2835 4)
1173 2782 1206 2834 ῥ’
1220 2778 1390 2838 στίχων,
1413 2795 1467 2822 ex
1487 2781 1592 2836 Ety-

125 2845 288 2900 molog.
309 2843 493 2887 Sorbon.
522 2852 566 2887 et
589 2845 693 2887 Cod.
724 2848 767 2889 S.
793 2846 948 2890 Germ.
972 2853 1066 2888 345.
1126 2847 1275 2889 Simile
1307 2849 1409 2902 quid
1437 2849 1591 2904 depre-

846 2932 868 2956 E
