1976 3288
338 231 396 271 24
794 247 1054 274 SlNGULARUM
1085 247 1364 274 sYLLABARUM.

341 346 512 382 caeterae
543 341 684 382 literae
716 339 848 396 (conf.
871 356 1027 383 vocem
1047 340 1302 398 ἐνέργειαν);
1343 343 1568 384 interdum
1597 343 1672 390 sic,
1695 349 1744 384 ut
1767 342 1814 383 in

337 405 422 449 ἐπεὶ
443 407 530 465 (ex.
551 406 597 463 2)
617 423 640 449 e
662 408 766 450 Cod.
787 410 926 452 Vatic.
953 417 1047 451 305.
1073 416 1147 451 aut
1167 416 1215 451 ut
1234 411 1279 451 in
1300 405 1457 465 εἰρήνης
1477 418 1520 452 et
1540 407 1641 452 εἶναι
1661 409 1749 467 (ex.
1771 406 1814 464 1)

338 492 362 518 e
397 476 500 518 Cod.
533 477 670 519 Paris.
708 483 835 519 3017.
870 480 956 525 ubi,
993 481 1031 520 si
1065 493 1177 533 apex
1212 480 1413 534 superior
1448 481 1494 520 in
1535 480 1684 521 oculos
1725 491 1814 520 non

336 545 537 592 incurrit,
554 545 693 587 simile
713 552 779 588 est
799 554 915 589 notae
936 563 980 597 ε;
1003 545 1088 602 qua
1102 562 1152 588 re
1168 548 1346 594 factum,
1363 554 1411 589 ut
1431 544 1466 589 ⁶7
1486 554 1531 589 et
1551 548 1600 589 ὀῖι
1619 561 1813 588 commu-

336 621 551 657 tarentur.
611 614 843 658 Postrema
871 623 981 658 nota
1011 616 1192 673 syllabae
1212 613 1247 656 5
1266 615 1405 657 refert
1427 615 1563 656 etiam
1586 615 1760 656 literam
1778 614 1815 655 ἦ

335 690 467 739 prout
486 686 582 727 haec
601 686 761 741 passim
782 686 988 727 scribitur
1003 684 1049 726 in
1067 686 1158 726 cod.
1180 690 1304 725 2423.
1338 698 1373 725 e.
1392 698 1427 725 c.
1448 684 1495 725 in
1515 683 1700 725 vocibus
1720 679 1814 726 ἀντὶ

335 750 422 808 (ex.
441 751 484 809 1)
505 760 548 795 et
569 750 674 806 αὕτη
696 754 778 808 (ex.
803 752 854 808 l).

395 820 679 864 Recentiores
707 821 858 865 Graeoi
889 822 1107 878 syllabam
1130 820 1167 865 ἆ
1188 820 1419 877 saepissime
1449 820 1510 862 sic
1540 821 1746 867 scribunt,
1766 826 1815 862 ut

334 889 494 946 longus
524 891 682 932 calami
704 891 870 938 ductus,
892 904 981 931 non
1000 890 1118 931 infra
1136 889 1299 931 lineam
1319 890 1591 946 porrigatur,
1610 888 1686 930 sed
1716 901 1814 930 sur-

336 971 435 999 sum
470 965 678 1016 assurgat
695 975 704 999 :
751 960 867 1001 unde
902 960 1099 1001 nascitur
1140 959 1378 1000 similitudo
1417 959 1519 1014 ejus,
1554 971 1672 999 nunc
1711 971 1811 999 cum

335 1026 442 1070 nota
473 1029 653 1083 syllabae
677 1029 727 1078 ῖῖς
747 1030 794 1070 111
814 1029 956 1084 ipsam
985 1030 1147 1071 lineam
1177 1026 1385 1076 immissa,
1415 1042 1531 1069 nunc
1562 1035 1669 1068 cum·
1688 1025 1815 1070 litera

338 1096 479 1138 Delta.

397 1194 431 1228 7.
466 1187 660 1242 Syllabae
693 1187 941 1230 Ein-Haec
973 1189 1144 1245 syllaba
1174 1189 1221 1229 in
1254 1187 1558 1229 vetustissimis
1593 1186 1813 1228 codicibus

336 1255 642 1310 compendiose
669 1256 729 1297 sic
757 1257 976 1304 scribitur,
1000 1264 1048 1298 ut
1068 1263 1174 1298 nota
1193 1256 1543 1312 tachygraphica
1561 1255 1743 1311 syllabae
1764 1253 1814 1307 ἢν

334 1323 403 1365 bis
426 1324 634 1379 deinceps
659 1332 861 1381 ponatur.
922 1326 1036 1368 Vide
1057 1341 1187 1368 voces
1210 1325 1326 1372 νοεῖν,
1348 1323 1488 1371 ποιεῖν,
1509 1322 1636 1365 εἰπεῖν
1653 1322 1740 1380 (ex.
1759 1322 1813 1377 2),

336 1387 569 1446 γινώσκειν,
593 1407 617 1433 e
644 1393 750 1434 Cod.
773 1394 984 1451 Hermog.
1014 1400 1133 1436 1983.
1161 1409 1185 1435 e
1217 1408 1302 1448 quo
1332 1398 1520 1447 sumptae
1550 1397 1650 1433 sunt
1680 1391 1814 1433 etiam

335 1471 465 1499 voces
486 1456 574 1507 πῶς
593 1466 636 1500 et
658 1459 732 1502 δεῖ.

394 1524 558 1568 Postea
591 1527 764 1569 librarii
801 1530 1022 1584 syllabam
1055 1527 1114 1572 {He
1143 1530 1209 1571 ita
1238 1529 1500 1586 pingebant,
1530 1534 1578 1569 ut
1609 1529 1656 1569 in
1687 1526 1815 1569 εἰπεῖν

334 1591 421 1648 (ex.
442 1590 499 1648 3),
530 1594 865 1650 &malvam—In
897 1597 1002 1639 Cod.
1035 1598 1076 1639 S.
1107 1598 1258 1640 Germ.
1284 1603 1380 1645 345,
1411 1597 1604 1650 itemque
1635 1595 1681 1636 in
1707 1595 1815 1637 Cod.

336 1661 447 1703 Ven.
470 1660 649 1705 Homer.
668 1664 722 1705 A.
745 1679 931 1720 quorum
952 1668 1107 1709 ductus
1127 1667 1236 1708 satis
1258 1665 1422 1708 similes
1442 1670 1557 1713 sunt,
1576 1664 1635 1706 ε-ιῐ
1655 1663 1815 1719 passim

336 1730 466 1784 plane
487 1733 642 1774 eodem
661 1737 922 1790 compendio
942 1738 1155 1794 pingitur,
1170 1750 1255 1791 quo
1276 1735 1326 1786 ᾗ
1347 1740 1422 1776 aut
1443 1735 1498 1776 ἓῖι.
1550 1733 1664 1776 Vide
1684 1746 1814 1774 voces

339 1795 447 1853 φασὶ
464 1799 551 1855 (ex.
569 1798 613 1855 1)
627 1795 682 1854 μὴ
698 1803 781 1855 (ex.
798 1804 839 1856 3)
857 1802 941 1846 δεῖν
961 1804 1104 1860 λέγειν
1124 1803 1212 1860 (ex.
1235 1803 1287 1859 l).
1339 1817 1363 1844 e
1386 1802 1532 1843 Lexic.
1547 1800 1589 1842 S.
1607 1799 1815 1843 Germ.—

337 1865 489 1914 Causa,
510 1883 590 1910 cur
613 1870 796 1924 syllabae
828 1872 900 1920 iffi»,
921 1872 970 1923 ᾗ]
990 1879 1034 1913 et
1056 1873 1095 1912 ῑῐι
1114 1872 1271 1913 iisdem
1300 1871 1418 1912 notis
1447 1871 1707 1918 scribantur,
1726 1883 1817 1912 non

340 1934 426 1976 alia
447 1942 526 1984 est,
545 1951 678 1991 quam
698 1940 812 1994 quod
833 1941 988 1981 eodem
1009 1954 1116 1982 sono
1135 1940 1443 1995 pronunciatae
1469 1945 1585 1981 sunt.

400 2033 437 2068 8.
468 2026 658 2083 Syllabae
691 2029 1156 2087 679.—Compendium
1188 2031 1316 2087 hujus
1355 2031 1538 2086 syllabae
1579 2031 1819 2072 ostendunt

342 2108 472 2136 voces
502 2092 722 2152 διηγήσεις,
751 2098 917 2148 πίστεις,
941 2100 1126 2155 Δωριεῖς,
1150 2115 1175 2142 e
1202 2100 1306 2142 Cod.
1334 2100 1604 2156 Hermogen.
1624 2105 1745 2142 1983.
1773 2106 1819 2142 et

343 2162 594 2221 Etymolog.
615 2165 799 2209 Sorbon.
860 2167 1089 2210 Interdum
1106 2175 1258 2210 notam
1279 2169 1462 2223 syllabae
1479 2168 1527 2220 ἧς
1547 2173 1818 2223 usurparunt

343 2244 426 2284 pro
458 2232 630 2287 syllaba
649 2234 715 2284 ᾖ,
739 2237 856 2290 quod
876 2239 1017 2278 ambae
1039 2237 1220 2291 syllabae
1246 2237 1403 2278 eodem
1424 2250 1533 2278 sono
1552 2237 1816 2291 pronuncia-

343 2306 498 2342 rentur
515 2317 523 2342 :
552 2302 597 2343 id
616 2304 731 2357 quod
751 2306 881 2346 modo
902 2306 1088 2347 vidimus
1109 2305 1154 2346 in
1174 2306 1352 2361 syllabis
1369 2303 1431 2346 ἕιΤι
1452 2312 1495 2347 et
1514 2301 1574 2358 ἦν.

406 2397 444 2432 9.
477 2394 670 2448 Syllabae
692 2396 1169 2440 e—v.—-Vetustissimam
1193 2405 1348 2440 notam
1370 2400 1498 2455 hujus
1522 2399 1703 2454 syllabae
1727 2413 1821 2441 cer-

348 2473 454 2501 nere
475 2460 577 2503 licet
600 2464 646 2504 in
665 2465 847 2506 vocibus
869 2464 1115 2520 ἒλάμβανεν
1136 2473 1180 2507 et
1200 2466 1395 2508 ἐνταῦθα.
1457 2466 1613 2509 Postea
1638 2468 1823 2517 librarii,

350 2535 397 2569 ut
425 2528 471 2568 in
501 2530 670 2584 syllaba
701 2531 767 2580 ffb,
800 2533 1066 2589 angulosum
1095 2535 1273 2575 ductum
1303 2534 1526 2575 faciebant
1557 2536 1820 2576 rotundum:

351 2604 619 2652 quapropter
638 2600 819 2655 syllabae
840 2600 884 2643 ἴν
904 2607 949 2642 et
970 2601 1022 2650 <az—g
1042 2602 1195 2643 eodem
1223 2603 1481 2657 compendio
1506 2603 1684 2657 scriptae
1708 2608 1822 2650 sunt,

351 2677 431 2705 nec
462 2666 664 2721 dignosci
692 2676 886 2724 possunt,
917 2669 999 2711 nisi
1029 2669 1261 2727 diligenter
1291 2671 1496 2712 attendas
1529 2669 1689 2713 seriem
1723 2685 1822 2714 ora-

352 2732 496 2774 tionis.
570 2735 682 2777 Vide
716 2751 846 2779 voces
884 2737 1081 2785 ἐντεῧθεν,
1117 2733 1236 2779 οὐδὲν
1274 2739 1357 2793 (eX.
1384 2735 1441 2793 2),
1475 2732 1679 2787 ἑστιαθὲν,
1713 2735 1822 2781 εἴπεν

355 2813 378 2838 e
398 2799 497 2841 Cod.
521 2801 562 2843 S.
584 2803 735 2846 Germ.
759 2811 854 2847 345.
915 2806 1132 2848 Ultimum
1162 2808 1424 2862 exemplum,
1444 2813 1576 2862 prout
1596 2812 1824 2848 contextus

358 2870 591 2911 verborum
614 2873 761 2927 poscit,
783 2875 874 2932 legi
894 2881 1043 2930 potest
1061 2882 1152 2917 tam
1172 2872 1283 2917 εἶπεν
1305 2890 1437 2930 quam
1458 2871 1585 2923 εἶπας.

1923 2916 1970 3288 mil-⁶<
1969 2845 1976 2849 ,
1968 2752 1973 2769 ,.
1940 2696 1976 2701 1
1956 2439 1965 2461 -
