1976 3288
337 232 394 274 58
856 244 1122 271 lxi-mmmm
1150 243 1297 270 vocmw.

339 356 446 397 quos
465 340 637 396 peperit
658 339 964 394 compendium
984 339 1098 381 male
1118 338 1394 380 intellectum
1413 339 1554 382 finalis
1571 341 1700 397 huJus
1718 340 1814 391 ἶιξΐς.

339 409 600 464 Apollonius
624 407 728 450 Lex.
750 421 852 464 pag.
872 414 967 450 442.
989 403 1045 449 τὰ
1066 402 1111 448 δὲ
1142 406 1331 461 ὀνόματα
1353 404 1422 450 διὰ
1444 408 1520 450 τοῦ
1545 412 1563 450 ἶ
1588 408 1816 466 γράφεται,

338 472 366 530 ἥ
392 493 438 518 τε
463 475 571 531 Ἶρις
602 473 672 518 καὶ
706 476 728 517 ὁ
750 473 877 531 Ἶρος.
952 475 1038 516 Hic
1070 474 1355 522 Villoisonus‚
1387 490 1519 531 quem
1544 478 1724 534 fugeret
1750 480 1818 520 vin

338 544 586 600 compendii
616 546 886 601 syllabarum
916 560 1040 593 τικος,
1074 543 1192 586 dedit
1226 542 1425 598 ὀνόματα,
1459 560 1541 601 pro
1576 543 1817 602 ὀνοματικὰ,

338 614 556 668 quomodo
575 613 900 655 restituendum
922 618 1003 653 est.
1065 613 1178 655 Vide
1196 614 1284 655 tab.
1302 627 1384 654 x1v.
1445 613 1605 656 Lector
1624 615 1719 670 ipse
1737 629 1820 670 per

336 695 386 722 se
417 681 653 738 intelliget,
684 682 781 723 τΤωι
813 682 859 722 in
890 677 1122 735 ὀνοματικὰ
1156 687 1200 722 et
1231 682 1301 723 ἦ
1337 683 1385 722 in
1417 680 1633 739 γράφεται
1666 682 1822 725 eodem

339 750 599 805 compendio
621 750 876 805 significari.
928 749 1042 791 Vide
1064 763 1201 805 supra
1219 750 1437 805 syllabam
1458 749 1513 793 ὦ.
1567 752 1822 807 Eademque

337 819 384 859 in
405 818 674 873 compendiis
695 819 987 874 congruentia
1006 819 1090 860 fuit
1110 821 1407 873 posteriorum
1437 826 1699 876 temporum,
1721 834 1822 863 cum

337 888 559 943 scriptura
607 888 834 928 ascivisset
874 887 1028 928 ductus
1066 886 1163 929 illos
1211 887 1441 930 insolentis
1488 889 1819 945 magnitudinis.

337 956 462 998 Conf.
492 970 655 997 nomen
687 954 1001 1012 πραγματικῶν
1022 970 1124 997 cum
1142 958 1282 998 verbo
1313 955 1653 1014 διακεχάρακται
1672 972 1697 999 e
1717 956 1821 999 cod.

338 1025 438 1067 Vat.
459 1031 555 1066 305.
615 1025 841 1067 Praeterea
870 1039 1055 1067 monere
1092 1025 1220 1079 juvat
1246 1025 1504 1067 adverbium
1532 1024 1740 1074 πολλάκις
1774 1026 1822 1068 in

337 1091 440 1134 Cod.
464 1094 506 1135 S.
530 1092 684 1135 Germ.
704 1098 800 1135 345.
821 1107 1141 1148 nonnunquam
1160 1092 1221 1135 sic
1249 1093 1382 1135 scribi
1411 1099 1461 1134 ut
1488 1094 1680 1136 ostendit
1701 1108 1767 1136 ex.
1787 1099 1821 1136 1.

338 1160 483 1202 Etiam
513 1161 616 1202 hinc
648 1161 788 1202 discas
821 1160 1132 1215 compendium
1159 1152 1196 1214 ξ,
1225 1161 1342 1215 quod
1369 1161 1527 1202 dicitur
1560 1160 1671 1202 nihil
1705 1161 1822 1203 aliud

339 1243 433 1270 esse
454 1243 586 1283 quam
606 1230 770 1285 Kappa
789 1229 919 1270 modo
940 1230 1110 1283 pictum
1130 1229 1430 1270 insolentiore.

412 1297 735 1353 compendium
765 1297 887 1338 vocis
924 1293 1070 1339 πολλὰ
1104 1297 1233 1338 facile
1272 1298 1398 1353 legas
1438 1295 1671 1348 πολλάκιςς
1715 1310 1821 1352 qua·

339 1371 523 1420 propter
543 1361 687 1407 πολλά
709 1371 755 1406 et
775 1362 986 1412 πολλάκις
1004 1364 1346 1406 confunduntur.

399 1430 600 1488 Evg‘wyc'm
622 1439 672 1474 ut
694 1439 858 1474 caetera
879 1433 1063 1474 nomina
1092 1433 1139 1473 in
1170 1449 1214 1473 ια
1245 1433 1496 1481 desinentia,
1517 1433 1823 1488 compendiose

339 1501 545 1543 scribitur
580 1515 633 1542 eo
665 1502 796 1542 modo
828 1514 959 1555 quem
990 1501 1183 1542 ostendit
1211 1501 1300 1541 tab.
1318 1515 1417 1541 xvn.
1487 1499 1602 1542 Vide
1633 1499 1822 1558 Gregor.

340 1584 382 1625 Ρ.
406 1575 512 1619 349,
562 1570 642 1611 sed
682 1570 801 1611 idem
837 1569 946 1610 illud
983 1549 1096 1620 συζυ
1141 1568 1392 1624 significare
1443 1575 1585 1623 potest
1631 1567 1821 1625 σύζυγος.

342 1639 542 1680 Indidem
591 1645 719 1692 petas
765 1638 988 1680 rationem
1035 1637 1332 1680 fluctuationis
1379 1637 1497 1679 inter
1546 1635 1731 1693 σύζυγον
1779 1645 1825 1680 et

341 1706 518 1764 σύζυγα.
581 1707 634 1750 V.
650 1707 781 1763 Epist.
803 1722 844 1763 p.
862 1711 951 1749 155.

399 1770 867 1830 Συλλαβῆ.-Ι)ι1Ρ16Χ
906 1775 1035 1831 hujus
1076 1775 1197 1817 vocis
1236 1775 1546 1829 compendium
1583 1780 1657 1816 est.
1735 1773 1826 1815 Aut

343 1843 465 1884 enim
498 1843 669 1898 syllaba
707 1836 768 1895 ,Ἑῆ
801 1844 1034 1891 omittitur,
1073 1857 1124 1885 ac
1159 1842 1502 1897 superscribitur
1533 1842 1586 1892 ἆ;
1627 1849 1704 1885 aut
1733 1837 1827 1895 ’ὁΓβῆ

341 1910 565 1958 omittitur,
587 1910 980 1966 superponiturque
1001 1912 1161 1966 duplex
1182 1911 1387 1952 Lambda.
1449 1911 1562 1955 Vide
1589 1925 1721 1953 voces
1748 1905 1825 1965 τὴν

340 1978 428 2035 (ex.
441 1976 486 2035 5)
507 1979 579 2033 ᾗ
596 1973 826 2033 συλλαβὴν
840 1994 921 2035 Ρ1·ο
939 1994 1023 2034 quo
1036 1978 1284 2022 Grammat.
1297 1979 1451 2021 Herm.
1473 1995 1512 2036 p.
1526 1985 1620 2022 438.
1637 1980 1712 2021 dat
1726 1992 1825 2035 per-

340 2061 496 2103 peram
515 2047 679 2089 lectum
701 2042 777 2102 τὴν
796 2046 1128 2102 τρισυλλαβιάν.
1174 2063 1215 2089 v.
1233 2048 1426 2105 Gregor.
1451 2062 1490 2103 p.
1508 2053 1603 2094 260.
1665 2046 1825 2092 Δασύλ-

342 2115 484 2168 λαβος
502 2115 675 2156 librarii
696 2116 958 2170 compendia
982 2122 1199 2158 sectantes
1229 2123 1307 2158 aut
1332 2117 1396 2158 sic
1415 2117 1622 2165 scribunt,
1643 2123 1692 2160 ut
1709 2119 1826 2159 vide-

342 2185 410 2225 bis
439 2184 486 2224 in
511 2197 606 2224 voc.
630 2181 907 2236 δισύλλαβος,
927 2184 972 2226 it.
992 2184 1040 2225 in
1060 2184 1208 2226 verbis
1231 2181 1285 2227 τὰ
1308 2183 1397 2240 (ex.
1412 2182 1454 2241 l)
1480 2186 1537 2233 εἷς
1563 2185 1608 2233 ἴς
1634 2181 1826 2242 λήγοντα

343 2251 544 2307 οὐδέτερα
575 2250 828 2305 δισύλλαβα
847 2251 934 2309 (ex.
955 2251 1001 2308 2)
1029 2268 1055 2295 e
1081 2254 1186 2296 Cod.
1209 2254 1351 2296 Marc.
1375 2253 1526 2304 Hom.;
1563 2261 1639 2297 aut
1671 2257 1747 2303 sic,
1778 2261 1828 2297 ut

343 2323 390 2363 in
410 2322 555 2362 verbis
575 2315 658 2363 εἴτε
678 2319 766 2377 (eX.
785 2318 828 2377 l)
851 2320 1103 2375 δισύλλαβα
1123 2320 1212 2378 (ex.
1227 2319 1280 2378 1),
1309 2318 1393 2365 εἴτε
1413 2323 1495 2377 (ex.
1509 2323 1549 2377 l)
1579 2321 1828 2379 ὑπερδισύλ-

345 2389 472 2442 λαβα
503 2403 558 2430 ex
590 2388 732 2444 Etym.
765 2389 951 2432 Sorbon.
1026 2391 1349 2447 Compendium
1379 2392 1544 2434 ultimae
1574 2392 1698 2434 vocis
1735 2392 1829 2449 legi

345 2464 488 2513 potest
509 2458 642 2500 etiam
671 2454 774 2513 ὑπὲρ
795 2457 870 2501 δύο
891 2458 1134 2512 συλλαβάς.
1196 2460 1263 2502 De
1294 2460 1548 2502 confusione
1567 2474 1727 2503 vocum
1755 2475 1828 2502 συ-

347 2521 483 2579 στολὴ
522 2532 565 2568 et
597 2522 804 2581 συλλαβὴ
838 2528 940 2569 vide
973 2542 1109 2583 supra
1141 2527 1188 2568 in
1221 2542 1262 2568 v.
1284 2523 1491 2581 ἀποβολή.
1550 2528 1678 2570 Prius
1706 2529 1830 2570 vocis

349 2588 554 2649 συλλαβὴ
575 2597 882 2650 compendium
901 2599 1049 2643 συλλα,
1074 2595 1180 2637 facit
1202 2602 1250 2637 ut
1269 2597 1481 2638 recorder
1501 2597 1618 2652 quod
1637 2597 1828 2638 lectores

348 2664 419 2706 hic
448 2669 652 2705 notatum
681 2677 772 2705 non
798 2664 931 2705 inviti
961 2671 1240 2721 cognoscent.
1301 2664 1531 2707 Nomina'
1518 2680 1566 2707 m
1595 2666 1663 2722 ἦ,
1689 2664 1750 2717 κ-ῆ,
1767 2663 1828 2722 ζζή

349 2739 429 2775 etc.
466 2733 676 2774 exeuntia
708 2732 880 2774 ratione
912 2729 1079 2780 eadem,
1116 2734 1156 2774 h.
1167 2747 1203 2774 e.
1240 2734 1479 2776 omittendo
1517 2735 1596 2776 has
1633 2733 1828 2789 syllabas

350 2800 835 2856 superimponendoque
855 2802 1055 2843 vocalem
1075 2802 1419 2852 antecedentem,
1441 2801 1710 2844 scribuntur.

410 2867 909 2922 Συμπλεκτικός.-Ἧᾱθ
932 2884 1063 2912 voces
1093 2866 1414 2925 συμπλεκτικὸς,
1435 2869 1665 2926 σύνδεσμος
1680 2869 1768 2927 (ex.
1783 2868 1831 2926 2)

1951 2371 1965 2403 ιο·-
1948 2233 1972 2354 “Q“
1950 2098 1971 2189 offatm,
1964 2060 1965 2063 „
1959 2019 1963 2023 -
