1976 3288
675 215 946 245 mnam
971 215 1118 244 VOCUM.
1580 202 1636 246 37

162 322 268 381 (pro
285 337 372 380 quo
389 324 437 365 in
457 322 598 364 Schol.
620 323 790 365 Platon.
811 337 852 377 p.
865 327 956 365 1⁷2.
976 335 1212 377 perperam
1241 322 1407 364 editum
1426 328 1492 364 oet
1515 323 1635 367 Ξενο-

164 389 356 449 φάνης),
382 389 556 445 aliaque
584 390 764 432 nomina
795 389 981 446 propria
1010 391 1059 431 in
1094 399 1227 446 φανης
1254 391 1508 434 desinentia.
1584 389 1634 431 Si

162 463 339 518 qualitor
362 459 505 500 literae
537 458 638 510 ιῖιῗηῖ·
657 459 824 500 omissae
854 465 968 505 sunt,
1001 458 1214 512 litei-aque
1242 458 1339 500 Iota
1372 459 1408 514 ᾧ
1448 457 1534 499 sibi
1562 471 1634 499 su·

161 527 461 584 pascriptum
489 526 639 573 habet,
670 527 762 568 tale
803 526 1111 581 compendium
1143 525 1236 582 legi
1264 531 1406 580 potest
1434 531 1480 566 et
1504 523 1632 568 Ἀντι-

152 592 302 651 φάνης
330 600 377 636 et
394 591 608 650 Ἀντι’φων.
667 592 766 635 Hac
793 595 851 635 de
883 592 1013 636 causii
1043 593 1230 635 confusa
1258 599 1358 634 sunt
1389 594 1523 645 ambo
1538 593 1632 634 haee

150 663 352 704 'nomina

229 729 636 785 ’A6pem-05.-Vide
665 731 751 771 tab.
768 745 828 770 111.
890 729 991 772 Duo
1021 731 1105 772 ista
1135 729 1403 784 compendia,
1440 743 1495 770 ex
1525 728 1630 784 Ety-

159 797 325 855 molog.
346 797 530 840 Sorbon.
551 797 792 852 plurimum
810 796 973 838 habent
994 796 1286 838 similitudinis
1306 810 1405 838 cum
1425 809 1630 850 compen-

155 864 233 907 dio
243 864 366 908 vocis
380 860 601 921 ὁριστικὸς,
613 865 731 919 quod
746 870 919 905 constat
933 862 1061 905 literfi.
1076 866 1100 904 ὀ
1119 864 1164 904 in
1186 866 1309 919 cujus
1330 864 1476 905 medio
1491 866 1628 919 scrip-

148 936 258 974 >tum
275 939 341 975 est
357 949 396 989 ρ.
446 932 693 975 Amborum
710 933 951 973 verborum
970 931 1015 972 in
1036 930 1429 988 grammaticorum
1448 930 1627 985 scriptis,

156 1000 236 1042 ubi
263 1014 395 1043 voces
425 1001 628 1043 solennes
658 998 743 1042 τῶν
773 997 976 1057 τεχνικῶν
1004 999 1097 1040 fere
1126 1012 1205 1053 per
1236 999 1495 1053 compendia
1524 1000 1629 1041 scri·

156 1067 334 1115 buntur,
354 1068 495 1110 facilis
515 1074 584 1109 est
603 1066 808 1109 confusio.

156 1152 160 1153 ⁷
212 1131 699 1190 'Ami—Compendium
732 1135 862 1191 hujus
898 1134 1217 1190 praepositionis
1248 1135 1296 1175 in
1330 1131 1547 1187 scriptura
1582 1139 1627 1173 et

155 1200 317 1243 unciali
334 1208 380 1244 et
401 1202 651 1245 minuscula
682 1208 861 1244 constat
892 1203 1059 1244 duabus
1089 1203 1240 1249 literis,
1262 1205 1291 1242 ἆ
1313 1208 1356 1242 et
1374 1202 1418 1249 τῖ’,
1438 1213 1626 1254 quarum

154 1268 373 1333 posterior
392 1270 733 1325 superscribitur
751 1270 899 1325 priori.
963 1271 1207 1311 Accentum
1232 1269 1403 1311 librarii
1431 1270 1624 1324 plerum-

150 1348 242 1390 que
260 1337 488 1389 omittunt;
519 1343 791 1392 quapropter
815 1330 855 1384 ἆ,
878 1344 1010 1393 prout
1028 1338 1171 1393 poscit
1190 1339 1428 1378 verborum
1446 1343 1624 1378 contex-

151 1409 234 1452 tus,
253 1399 339 1446 ἀπὸ
358 1411 434 1446 aut
453 1401 538 1447 ἄπο
557 1406 650 1462 legi
673 1412 830 1459 potest.
894 1405 1035 1447 Simili
1064 1404 1323 1460 compendio
1353 1404 1626 1459 significatur

151 1466 256 1513 1515:
285 1485 393 1514 nam
411 1473 510 1527 pari
528 1473 659 1514 modo
678 1473 819 1514 literae
839 1474 867 1513 ὗ
884 1472 1219 1527 superscribitur
1238 1473 1280 1512 σῖ.
1342 1470 1426 1512 Hae
1455 1485 1625 1527 praepo-

149 1537 327 1581 titiones
346 1539 431 1581 dici
451 1554 539 1582 non
558 1546 706 1595 potest
725 1540 894 1595 quoties
912 1540 1102 1581 confusae
1118 1539 1219 1580 sint.
1280 1538 1425 1580 Alium
1445 1540 1624 1580 modum

146 1606 392 1649 scribendae
419 1608 741 1663 praepositionis
774 1604 858 1650 ἀπὸ
894 1607 1134 1649 ostendunt
1167 1607 1369 1661 exempla
1396 1611 1431 1646 4.
1454 1610 1489 1645 6.
1517 1611 1562 1646 et
1584 1613 1620 1646 7.

149 1686 179 1715 e
196 1675 306 1718 Cod.
328 1677 371 1718 S.
392 1676 546 1718 Germ.
566 1675 792 1718 249.—Ab
822 1674 906 1717 hiic
935 1673 1040 1716 noui
1073 1674 1381 1729 compendium
1411 1672 1621 1727 praeposi-

147 1742 281 1784 tionis
311 1739 391 1784 ὑπὸ
421 1742 481 1799 (v,
503 1758 635 1785 voces
668 1740 748 1785 ὑπὸ
772 1745 858 1794 (ex.
876 1739 922 1799 2)
954 1741 1040 1784 τῶν
1068 1739 1212 1798 (ex.3)
1238 1739 1487 1796 συμμάχων,
1521 1754 1619 1794 quae

148 1815 332 1865 sumptae
367 1817 470 1852 sunt
502 1825 559 1852 ex
594 1811 799 1853 AEschine
833 1810 1105 1865 παραπρεσβ.
1141 1823 1182 1864 p.
1206 1814 1301 1850 272.
1335 1805 1499 1862 Reisk.)
1529 1821 1620 1848 non

146 1874 294 1919 differt
311 1877 396 1919 nisi
415 1879 573 1933 spiritu
592 1880 844 1934 duobusque
870 1879 1043 1934 punctis
1061 1876 1408 1933 significantibus
1432 1874 1615 1930 Upsilon.

148 1941 254 1990 Quo
271 1944 443 1986 facilior
462 1946 548 1986 fuit
569 1947 850 1987 commutatio
878 1947 1037 1986 harum
1066 1943 1442 1999 praepositionum.
1502 1941 1616 1984 Vide

147 2007 234 2053 ἀπὸ
250 2006 511 2067 βαρυτόνων,
531 2027 587 2053 ex
610 2012 860 2069 Etymolog.
880 2012 1064 2054 Sorbon.

146 2098 149 2099 ⁷
213 2078 263 2120 Si
295 2075 380 2122 ἀπὸ
418 2081 558 2134 plenis
590 2082 860 2137 integrisque
896 2081 1038 2122 literis
1075 2079 1290 2125 scribitur,
1322 2077 1614 2134 plurimorum

143 2146 313 2188 librarii
331 2147 531 2189 codicum
550 2161 651 2189 cum
667 2148 940 2190 substantivo
955 2153 1162 2202 sequente
1183 2152 1442 2187 connectere
1460 2146 1615 2187 solent.

144 2212 194 2256 E.
210 2226 247 2256 c.
266 2215 465 2256 scribunt
486 2215 732 2257 ἀποσκοποῦ·
747 2230 830 2270 pro
857 2213 940 2258 ἀπὸ
959 2214 1014 2272 (s.
1036 2210 1141 2270 ἄπο)
1162 2212 1331 2254 σκοποῦ.
1363 2227 1406 2254 v·
1421 2211 1613 2269 Gregor.

144 2295 186 2336 p.
204 2286 298 2323 210.
359 2281 481 2323 Idem
500 2284 743 2324 tenendum
766 2283 819 2324 de
844 2283 1063 2338 plerisque
1086 2280 1482 2336 praepositionibus.
1541 2280 1614 2323 Sic

142 2347 251 2390 Cod.
269 2347 409 2391 Palat.
426 2354 521 2391 398.
542 2349 618 2390 dat
646 2348 861 2405 διαλόγων
881 2364 964 2405 pro
993 2345 1063 2390 διὰ
1092 2346 1246 2403 λόγων.
1311 2347 1489 2389 Pariter
1507 2347 1610 2389 Cod.

145 2415 189 2457 S.
219 2415 373 2458 Germ.
395 2422 490 2458 345.
517 2418 652 2458 habet
690 2416 901 2475 διέχθρας,
941 2416 1126 2474 διόχλον,
1167 2429 1248 2470 pro
1292 2415 1446 2469 quibus
1476 2415 1610 2470 Epist.

141 2497 184 2538 p.
203 2489 299 2525 208.
331 2484 490 2539 scripsi
520 2482 571 2526 δι’
590 2481 758 2542 ἔῇςθρας,
798 2484 849 2526 δι’
870 2483 1014 2542 ὄχλου.
1090 2483 1143 2524 In
1175 2482 1395 2524 nonnullis
1428 2483 1610 2524 vocibus

139 2550 257 2592 idem
274 2565 370 2593 mos
388 2551 639 2595 etiamnunc
660 2559 880 2600 servatur,
902 2554 1022 2595 velut
1038 2553 1087 2593 in
1107 2550 1337 2598 διατέλους,
1356 2549 1608 2607 διαταχέων,

67 2626 70 2627 ’
142 2615 295 2665 διόλου,
316 2625 396 2660 etc.
455 2618 595 2662 Porro
621 2624 817 2677 reperias
851 2624 1006 2664 eodem
1033 2621 1203 2676 scripta
1227 2619 1359 2660 modo
1388 2617 1610 2666 ἀνθαυτοῧ,

144 2682 371 2733 καθαπὸν,
384 2674 626 2741 μεταλέξαῖ
648 2691 748 2743 (pro
766 2688 853 2743 μετ’
867 2688 1156 2743 Ἀλέξανδρον,
1178 2701 1219 2728 V.
1236 2686 1428 2742 Gregor.
1449 2700 1490 2740 p.
1502 2684 1608 2742 539)

139 2749 406 2805 ἐπιστρατόν,
443 2753 636 2808 ε’·ιτιμῆκος
672 2754 732 2811 (v.
762 2771 856 2798 voe.
880 2752 1125 2807 Ἀππιανὸς)
1158 2746 1500 2806 εἷσσυμβῖβασιν,
1526 2760 1607 2795 etc.

65 2871 69 2874 Ἴ
139 2815 227 2859 Hie
245 2818 466 2861 scribendi
494 2835 591 2863 mos
608 2821 756 2864 varios
776 2836 952 2864 errores
981 2822 1162 2877 peperit.
1223 2820 1605 2867 Montefalconius‚
