1976 3288
0 1102 13 1737 ww<-.-ae-——z-v—v-—-·q--—v-<
0 1003 4 1087 —mw
0 746 10 977 wwr-
0 719 1 724 Α

589 222 795 253 nuscum
822 221 1156 252 ommvarloxm.
1559 217 1617 259 63

142 320 317 376 punctis
355 328 432 364 aut
469 322 643 364 lineolis
683 321 916 370 minutulis,
954 323 1245 381 περιγράφειν.
1304 325 1527 369 Porsonus
1561 331 1617 371 ad

140 387 321 433 Homer.
334 389 492 445 Odyss.
505 395 556 438 A,
571 394 675 431 524:
708 397 732 413 “
746 388 1033 447 Περιγράφειν
1047 398 1092 433 et
1110 391 1367 450 διαγράφειν
1382 402 1617 451 utrumque

142 461 167 479 “
184 456 333 499 delere
350 471 433 512 per
452 458 809 512 consequentiam
829 465 1000 509 sonant,
1018 460 1151 500 modo
1169 466 1320 502 tamen
1340 463 1619 518 significandi

144 529 170 547 “
187 523 459 580 discrepant.
517 522 806 580 Περι-γράφειν
826 531 896 566 est
914 525 1042 568 lineis
1062 540 1217 569 vocem
1236 529 1308 570 vel
1328 543 1460 572 voces
1479 532 1619 574 inclu-

143 597 168 616 “
187 591 307 639 dere,
327 598 374 635 et
403 593 468 635 sic
494 593 703 635 delendas
734 607 938 635 monere:
982 593 1240 652 διαγράφειν
1268 604 1336 639 est
1364 600 1620 643 transversa

142 665 168 682 “
194 657 313 702 linea
328 675 412 716 per
429 660 580 702 literas
598 658 730 702 ducta
750 660 999 703 damnare.”

201 727 329 771 Alius
356 730 515 771 modus
548 743 679 771 voces
708 729 868 772 vitiose
900 731 1090 785 scriptas
1122 732 1377 788 corrigendi
1406 734 1443 776 is
1472 742 1551 783 est,
1571 743 1620 778 ut

142 808 254 838 vera
291 795 508 852 scriptura
554 810 703 852 pravae
751 796 1149 852 supet-imponatur.
1223 798 1272 839 E.
1295 814 1333 841 c.
1370 801 1416 842 in
1456 801 1619 845 Lexico

141 880 377 938 Apollonii,
392 884 508 939 quod
530 883 585 925 ad
603 882 797 939 Gregor.
818 897 860 938 p.
877 888 958 924 296
979 884 1125 932 citavi,
1145 864 1321 939 μηῗέξν,
1341 888 1369 929 i.
1382 902 1419 930 e.
1440 885 1497 943 μὴ
1520 906 1619 932 σκο-

140 947 244 999 πῶν,
274 965 358 1008 pro
389 966 475 1007 quo
494 951 768 995 Villoisonus
809 951 926 993 dedit
952 946 1009 1006 μὴ
1041 951 1147 995 νοῶν
1176 954 1358 998 σκοπῶν.
1418 956 1504 999 Sed
1534 957 1620 1001 hac

140 1018 191 1062 in
207 1033 258 1062 re
275 1020 514 1078 diligenter
534 1021 780 1063 cavendum
800 1027 879 1069 est,
898 1035 956 1062 ne
985 1034 1067 1075 pro
1097 1025 1371 1066 correctione
1392 1026 1618 1074 habeatur,

142 1088 259 1143 quod
289 1095 359 1131 est
390 1090 501 1131 nihil
537 1090 656 1131 aliud
690 1103 822 1144 quam
857 1089 1080 1146 glossema
1112 1104 1143 1132 s.
1171 1090 1622 1147 interpretamentum,

143 1157 387 1214 cujusmodi
425 1172 558 1200 voces
595 1159 767 1214 pariter
805 1159 1118 1214 superscriptae
1156 1166 1269 1201 sunt.
1341 1160 1456 1203 Vide
1486 1161 1620 1218 Epist.

142 1239 184 1281 p.
202 1230 265 1273 18,
293 1233 340 1269 et
367 1227 510 1268 Koen.
537 1228 593 1269 ad
622 1225 815 1283 Gregor.
850 1241 889 1282 p.
908 1232 1003 1268 243.
1078 1227 1125 1269 Si
1162 1228 1330 1270 librarii
1369 1244 1503 1272 unam
1544 1238 1621 1273 aut

141 1293 291 1348 plures
322 1308 453 1337 voces
486 1296 641 1337 ordine
674 1295 944 1350 scripserunt
974 1309 1199 1350 perverso,
1233 1310 1390 1338 verum
1420 1298 1621 1340 ordinem

140 1360 337 1404 indicant
350 1363 619 1419 imponendo
634 1363 816 1404 vocibus
831 1369 958 1404 notas
972 1364 1236 1411 numerales,
1252 1365 1293 1413 ἆ,
1303 1358 1349 1416 ᾗ,
1363 1372 1445 1407 etc.
1490 1366 1622 1423 Apol-

142 1428 286 1471 lonius
316 1429 421 1472 Lex.
446 1429 577 1472 Hom.
604 1444 645 1485 p.
662 1435 757 1471 536.
827 1429 999 1472 Villois.
1032 1428 1312 1478 Μάσσασθαι,
1343 1431 1620 1488 ἐφάψασθαι,

143 1497 368 1551 μασᾶσθαι
401 1515 438 1540 κ.
453 1515 490 1540 τ.
505 1502 546 1541 λ.
618 1498 670 1540 In
701 1498 805 1540 Cod.
839 1497 881 1539 S.
912 1498 1020 1541 Ger.
1048 1500 1188 1540 verbo
1216 1499 1441 1553 μασᾶσθαι
1473 1515 1623 1557 super-

146 1567 359 1622 scriptum
397 1573 464 1609 est
501 1566 542 1615 ἆ,
581 1569 806 1622 verboque
845 1564 1107 1622 ἐφάψασθαι
1145 1560 1190 1619 Β.
1249 1568 1447 1624 Apparet
1485 1570 1624 1626 igitur

145 1635 379 1679 librarium
396 1636 621 1691 μασᾶσθαι
642 1637 791 1692 priore
811 1637 908 1678 loco
928 1637 1122 1691 positum
1140 1636 1342 1686 voluisse,
1355 1653 1486 1693 quem
1507 1640 1623 1681 ordi-

145 1717 251 1746 nem
269 1705 628 1747 curVilloisonus
647 1720 739 1747 non
759 1711 936 1747 secutus
957 1706 1017 1747 sit
1034 1705 1207 1762 ignoro.
1265 1706 1354 1748 Ubi
1378 1707 1622 1750 omittendo

146 1779 376 1828 peccatum
396 1780 477 1822 est,
498 1774 660 1815 omissa
678 1774 725 1814 in
746 1774 950 1830 margine
974 1773 1237 1821 scribuntur,
1258 1788 1428 1829 quoque
1457 1776 1554 1816 loco
1576 1775 1623 1817 in

144 1845 319 1882 textum
347 1839 580 1882 inserenda
608 1840 705 1887 sint,
730 1840 869 1897 signis
901 1841 1174 1895 quibusdam,
1201 1855 1236 1881 e.
1251 1855 1284 1882 c.
1321 1845 1353 1886 ss
1367 1873 1377 1888 ,
1405 1842 1432 1889 Ι,
1449 1873 1458 1888 ,
1541 1849 1621 1884 etc.

144 1906 379 1950 indicatur.
431 1908 501 1950 Ita
520 1923 627 1951 vero
647 1909 809 1964 passim
829 1909 1001 1956 accidit,
1022 1915 1081 1955 ut,
1102 1909 1243 1964 signis
1264 1909 1350 1950 illis
1370 1909 1525 1951 deletis
1544 1917 1622 1952 aut

146 1976 368 2033 neglectis,
388 1979 528 2020 verba
545 1979 589 2020 in
611 1978 819 2035 margine
842 1978 1045 2034 suppleta
1074 1978 1219 2019 alieno
1248 1978 1346 2018 loco
1374 1978 1422 2018 in
1450 1984 1624 2020 textum

144 2045 503 2088 immitterentur.
563 2061 602 2087 v.
623 2047 753 2102 Epist.
774 2062 816 2103 p.
833 2053 928 2089 202.
988 2046 1209 2088 Praeterea
1230 2047 1314 2093 hoc
1343 2047 1473 2087 modo
1502 2047 1622 2104 glos-

145 2119 317 2155 semata
335 2120 380 2155 et
397 2114 560 2156 scholia
578 2129 604 2156 e
624 2117 827 2172 margine
846 2115 893 2156 in
911 2121 1083 2156 textum
1101 2115 1433 2169 immigrarunt.

203 2179 257 2222 In
277 2183 499 2224 codicibus
517 2198 661 2238 neque
681 2198 812 2226 voces
838 2183 1024 2240 singulae
1053 2190 1146 2224 tam
1167 2189 1370 2224 accurate
1390 2191 1621 2238 separatae,

146 2261 288 2304 neque
315 2249 455 2292 literae
484 2252 613 2293 unius
642 2252 923 2307 ejusdemque
951 2252 1073 2292 vocis
1103 2252 1265 2306 ubique
1291 2257 1386 2292 tam
1416 2250 1622 2293 continua

147 2316 261 2358 serie
289 2317 456 2372 junctae
486 2325 598 2367 sunt,
626 2326 674 2361 ut
703 2334 821 2361 nunc
853 2334 881 2362 a
913 2319 1153 2376 typothetis
1183 2319 1344 2361 nostris
1373 2318 1472 2359 fieri
1497 2320 1620 2360 solet.

150 2383 325 2440 Duplex
341 2386 423 2427 hoc
438 2392 637 2428 veterum
653 2389 899 2429 scribarum
913 2387 1067 2429 vitium
1082 2388 1287 2444 ingentes
1302 2388 1348 2428 in
1368 2387 1624 2429 dirimendis

149 2453 329 2495 vocibus
362 2467 537 2495 errores
571 2454 751 2510 peperit.
830 2454 1043 2509 Exempla
1079 2468 1239 2496 vocum
1274 2467 1509 2509 perperam
1548 2461 1624 2496 aut

141 2519 400 2575 junctarum
439 2528 514 2562 aut
552 2529 860 2577 separatarum
899 2524 1095 2578 reperies
1125 2522 1260 2578 Epist.
1287 2536 1328 2577 p.
1344 2527 1411 2562 65.
1441 2522 1621 2576 aliisque

147 2586 265 2629 locis.

206 2654 351 2697 Usum
370 2655 489 2713 signi
509 2652 614 2712 ὑφὲν
631 2658 760 2714 tetigi
777 2658 910 2713 Epist.
931 2674 971 2714 p.
989 2664 1041 2700 22
1062 2665 1108 2700 et
1131 2664 1196 2699 69.
1257 2656 1370 2704 Quae
1392 2657 1454 2698 ibi
1473 2671 1622 2698 exem-

150 2723 224 2778 pla
243 2725 596 2770 commemoravi,
617 2725 767 2766 omnia
783 2732 884 2766 sunt
903 2739 1063 2767 vocum
1092 2740 1117 2767 e
1141 2725 1255 2767 binis
1284 2724 1624 2779 compositarum

150 2789 410 2832 nominibus.
470 2791 557 2832 Sed
583 2792 630 2832 in
649 2792 754 2833 Cod.
774 2792 914 2835 Palat.
933 2799 1029 2834 398.
1057 2793 1183 2850 legas
1213 2794 1350 2834 etiam
1379 2792 1627 2847 hujusmodi

153 2860 376 2914 exempla:
418 2858 686 2918 διψκεράτων,
715 2854 987 2917 περζτρανκ
1026 2867 1107 2902 etc.
1190 2859 1239 2902 P.
1257 2865 1326 2902 46.
1348 2874 1389 2903 v,
1405 2865 1469 2902 16.
1493 2859 1623 2914 Epist.
