1976 3288
375 239 429 281 18
847 253 1106 280 SINGULARUM
1134 254 1380 281 LITERARUM.

370 355 420 390 ut
441 349 640 395 lectores,
663 349 767 403 quid
788 348 1083 390 similitudinis
1104 348 1158 391 sit
1177 350 1294 391 inter
1316 364 1535 393 connexas
1554 350 1706 394 literas
1725 346 1782 393 {6
1801 358 1848 394 et

365 415 435 465 o—O,
458 418 586 459 facile
606 416 871 473 intelligant.

430 487 496 528 De
529 485 789 540 compendio
818 486 1049 527 literarum
1071 488 1101 525 ἆ
1123 491 1169 526 et
1193 486 1214 527 ἓ
1236 487 1283 527 in
1308 486 1487 542 syllabis
1509 484 1569 540 α-ζ·
1583 494 1627 529 et
1646 479 1703 539 ἕξ,
1726 479 1784 542 d}
1801 493 1848 529 et

370 549 429 611 ἔξ,
452 555 594 598 dicam
613 555 741 602 infra,
765 554 840 597 ubi
860 555 913 595 de
934 552 1103 610 syllaba&
1123 555 1161 595 ιΤκ
1182 567 1324 610 agam.

431 691 789 749 Epsz'lon.——Haec
828 692 1004 742 vocalis,
1038 692 1193 747 juncta
1231 691 1324 733 aliis
1362 693 1509 741 literis,
1550 707 1586 734 e.
1608 707 1644 735 c.
1674 694 1849 750 Kappa,

372 761 574 809 Lambda,
595 761 684 808 Mu,
704 761 792 809 Nu,
812 758 872 814 τῷ
894 766 930 802 O
949 758 1095 815 μικρῷ,
1117 759 1188 807 Pi,
1211 760 1319 809 Rho,
1341 767 1420 803 etc.
1441 761 1535 804 solo
1556 762 1736 804 hamulo
1764 761 1849 818 sig-

373 830 590 876 nificatur,
612 843 742 884 quem
762 831 798 871 οἱ
817 827 1095 886 ταχυγράφοι
1120 829 1206 870 illis
1231 829 1371 871 literis
1401 830 1676 872 addiderunt.
1738 830 1850 874 Vide

374 909 507 940 voces
549 896 664 945 δέκα,
701 893 875 951 ἐκινήθη,
918 895 1094 951 ἑκάστῳ,
1130 895 1278 951 μέλαν,
1317 894 1528 951 μέμψεως,
1567 893 1643 952 μὲν
1681 898 1768 954 (ex.
1791 899 1853 951 2),

375 966 542 1014 λέοντα,
573 964 886 1022 περατωθέντα,
918 979 943 1006 e
973 965 1067 1006 cod.
1090 969 1214 1006 2423.
1239 971 1283 1007 et
1311 965 1500 1021 Etymol.
1525 965 1709 1010 Sorbon.
1767 967 1853 1010 Hic

376 1038 577 1078 hamulus
605 1035 706 1077 esim
733 1035 884 1076 oculos
906 1034 1035 1075 facile
1057 1034 1209 1090 fugiat,
1235 1048 1368 1076 causa
1398 1041 1593 1090 apparet,
1615 1050 1694 1077 cur
1712 1035 1851 1078 inter-

377 1106 481 1146 dum
504 1109 529 1146 17:
548 1106 646 1146 loco
666 1104 849 1159 syllabae
870 1103 917 1144 Ξῖ(
938 1102 1204 1156 scripserint.

433 1173 523 1216 Ubi
552 1186 684 1214 voces
714 1168 783 1214 καὶ
812 1178 856 1213 et
882 1171 930 1213 ἐκ
958 1171 1302 1221 confunduntur,
1334 1171 1459 1226 prior
1489 1172 1568 1214 tali
1598 1173 1854 1228 compendio

376 1242 539 1296 scripta
569 1247 679 1289 erat,
711 1241 839 1295 quale
869 1254 934 1281 ex.
959 1244 983 1279 8
1015 1239 1213 1287 ostendit,
1243 1248 1535 1295 accentusque
1571 1242 1613 1282 ei
1646 1241 1852 1297 proprius

378 1311 662 1366 contingebat
682 1308 859 1349 literam
880 1308 1058 1363 Kappa.

437 1377 657 1419 Hamulus
693 1376 767 1417 ille
799 1377 977 1418 literam
1008 1371 1031 1414 ἒ
1059 1374 1312 1432 significans
1341 1376 1565 1418 interdum
1594 1391 1684 1419 non
1720 1392 1856 1434 supra

377 1447 543 1488 lineam
569 1446 799 1501 prominet,
826 1445 902 1486 sed
931 1445 977 1485 in
1006 1442 1099 1499 ips&
1127 1441 1243 1485 line&
1273 1444 1417 1499 pictus
1448 1446 1680 1499 reperitur.
1741 1447 1855 1490 Vide

378 1528 508 1556 voces
543 1513 665 1568 μένει,
699 1512 926 1569 ἐνέργειαν,
955 1512 999 1554 ἐν
1025 1521 1134 1561 (ex.2)
1167 1510 1239 1567 (τῇ
1262 1521 1322 1561 (ex.
1334 1520 1367 1561 2)
1388 1510 1532 1570 ψυχῆ)
1563 1529 1588 1555 e
1621 1516 1854 1558 cod.2423.

381 1582 466 1624 Hic
487 1584 638 1631 codex,
655 1582 962 1638 apographum
977 1580 1191 1637 Gregorii
1210 1579 1427 1622 Corinthii
1445 1588 1614 1629 tenens,
1631 1595 1703 1623 me
1723 1582 1857 1624 etiam

379 1658 614 1708 propterea
644 1649 847 1698 advertit,
869 1648 971 1704 quia
1001 1649 1218 1704 syllabam
1237 1645 1281 1689 ἕῖκ
1305 1647 1374 1690 hic
1395 1655 1438 1690 et
1457 1647 1546 1691 illic
1565 1649 1629 1691 ita
1647 1650 1857 1705 scriptam

379 1721 524 1769 habet,
544 1727 593 1762 ut
614 1733 725 1768 eam,
747 1718 832 1760 nisi
860 1717 1056 1758 attendas
1083 1722 1341 1758 contextum
1371 1718 1623 1766 verborum,
1643 1731 1856 1773 curesque

381 1787 598 1842 spiritum,
629 1801 712 1843 pro
741 1784 871 1828 liter&
893 1786 1056 1841 Kappa
1087 1786 1253 1827 habere
1286 1786 1442 1840 possis.
1511 1784 1629 1828 Vide
1655 1800 1785 1828 voces
1812 1786 1857 1829 ἐν

383 1857 466 1909 (ex.
484 1853 531 1911 3)
554 1855 641 1903 τοῖς
661 1857 742 1908 (ex.
765 1853 819 1909 5),
843 1851 912 1896 καὶ
939 1853 1027 1911 (ex.
1051 1851 1093 1908 l)
1115 1853 1159 1895 ἐν
1184 1856 1271 1908 (ex.
1291 1852 1338 1908 4)
1360 1849 1435 1907 μὲν
1455 1853 1542 1910 (cx.
1562 1851 1608 1908 4)
1626 1856 1680 1908 τῇ
1699 1855 1786 1906 (ex.
1799 1852 1856 1910 3),

382 1923 494 1979 ’γένει
515 1923 682 1978 ἐνδόξῳ.

381 2051 385 2056 ’
442 2061 539 2101 Iota
565 2059 790 2101 interdum
819 2061 990 2102 duobus
1019 2061 1194 2115 punctis
1222 2059 1495 2116 significatur
1509 2061 1638 2116 juxta
1656 2075 1702 2103 se
1722 2060 1857 2116 pictis,

384 2142 479 2183 quae
519 2134 685 2183 puncta
722 2127 894 2170 librarii
937 2129 1065 2170 certis
1105 2129 1364 2183 quibusdam
1402 2129 1556 2176 literis,
1592 2129 1731 2171 veluti
1762 2127 1802 2176 ἆ,
1836 2130 1861 2171 ’ἶ-

385 2198 576 2251 aliisque,
597 2196 991 2252 superscribebant.
1051 2196 1165 2239 Vide
1185 2211 1319 2252 supra
1340 2197 1495 2253 Alpha.

444 2334 777 2377 Nu.--Lineola
805 2335 1009 2390 imposita
1035 2335 1189 2383 vocali,
1214 2349 1315 2390 quae
1348 2335 1393 2376 in
1425 2335 1511 2376 fine
1533 2336 1654 2376 vocis
1682 2333 1862 2391 legitur,

385 2404 642 2459 plerumque
673 2403 896 2459 significat
916 2401 1018 2445 Nu.-
1053 2404 1130 2445 sed
1159 2404 1299 2444 etiam
1330 2402 1471 2459 Alpha
1502 2403 1756 2459 significare
1785 2416 1844 2457 po

386 2477 479 2513 test.
540 2471 654 2514 Vide
683 2485 819 2526 supra
838 2471 1237 2527 Alpha.—Lineola
1266 2470 1520 2526 significans
1552 2471 1581 2511 17
1599 2470 1861 2525 frequentis—

387 2538 497 2582 sime
517 2539 709 2581 occurrit
731 2539 785 2581 iis
804 2540 851 2580 in
869 2540 1062 2587 vocibus,
1085 2554 1179 2594 quae
1200 2539 1247 2580 in
1267 2539 1353 2580 fine
1373 2538 1590 2579 linearum
1609 2538 1863 2605 (versuum)

389 2608 564 2662 scriptae
597 2614 708 2650 sunt.
770 2607 902 2649 Initio
933 2621 1094 2648 vocum
1127 2613 1201 2648 aut
1230 2606 1276 2647 in
1306 2606 1462 2648 mediis
1487 2607 1668 2649 vocibus
1699 2607 1864 2648 lineola

387 2677 531 2718 vocali
560 2677 767 2732 imposita
786 2690 877 2717 non
906 2675 1121 2733 significat
1151 2675 1186 2723 17,
1205 2675 1293 2716 nisi
1314 2675 1499 2729 quando,
1520 2689 1630 2717 voce
1657 2676 1713 2717 ob
1733 2674 1862 2717 lineae
1940 2708 1942 2710 >

388 2745 554 2787 exitum
584 2745 630 2786 in
663 2750 810 2800 partes
841 2758 941 2786 suas
974 2741 1166 2791 dissecta,
1187 2743 1354 2785 vocalis
1381 2757 1480 2783 cum
1511 2740 1673 2784 lineola&
1698 2743 1863 2785 lineam

389 2814 562 2856 claudit.
624 2813 696 2854 Sic
717 2828 752 2855 e.
771 2828 805 2854 c.
826 2813 873 2854 in
892 2811 1001 2855 Cod.
1020 2812 1158 2854 Palat.
1183 2818 1277 2854 398.
1300 2811 1374 2853 fol.
1396 2815 1489 2853 191.
1510 2825 1644 2853 verso
1663 2809 1865 2868 ’ἇ-τέχειν

388 2896 470 2936 pro
488 2881 692 2939 ἀντέχειν,
710 2883 785 2924 fol.
805 2888 896 2924 199.
912 2895 1043 2923 verso
1058 2884 1311 2937 Πολυφδ-τη
1333 2895 1416 2934 pro
1432 2878 1698 2937 Πολυφόντη,
1720 2885 1797 2922 aut
1817 2879 1865 2920 in
