1976 3288
0 1902 13 1987 .vo-—-⁶—
2 1888 5 1894 ·
0 1804 6 1881 *5⁴*

0 2383 44 3041 ‘'wkssssstmffssgfflfflfss'wvu*
10 2334 23 2366 ’.ι
7 2294 10 2305 -
11 2268 14 2270 .
7 2231 11 2235 ·
7 2194 17 2205 .-
7 2157 23 2175 ῃ·
4 2099 25 2141 ¹1.

572 213 831 243 smoummm
862 213 1140 240 summam.
1172 197 1176 199 ’
1553 199 1610 245 27

198 307 304 350 Jam
323 321 460 363 supra
476 307 618 365 (num.
642 306 690 363 8)
714 309 878 355 monui,
899 310 961 357 εΤς
979 322 1296 363 nonnunquam
1316 310 1380 351 sic
1401 309 1612 364 scriptum

141 390 250 426 osse,
265 383 316 419 ut
335 377 392 429 η-ς,
407 377 509 418 vide
525 391 656 418 voces
675 373 807 425 οὐδεὶς
822 374 975 432 φθόνος
989 371 1110 418 ἔσται
1127 391 1151 418 e
1168 376 1272 419 Cod.
1291 377 1334 418 S.
1346 377 1499 419 Germ.
1516 384 1610 420 249.

144 487 149 492 ,
197 443 516 500 Compendium
542 445 724 500 syllabae
753 446 801 497 ᾗ
836 446 1004 500 passim
1034 459 1116 500 pro
1149 447 1418 501 apostrophe
1449 447 1612 488 habue-

139 518 247 556 runt
267 525 370 555 cum
387 511 526 568 eaque
546 514 850 555 confuderunt.

145 614 148 616 >
197 581 404 624 Codicem
423 581 721 639 Etymologici
738 582 925 624 Sorbon.
944 583 1155 624 evolvens
1173 582 1256 624 hoc
1275 582 1364 624 vidi
1382 582 1613 638 proprium

138 649 258 693 illius
277 649 395 699 libri,
415 650 608 693 scribam
639 651 732 705 ejus
759 650 920 706 passim
952 651 1211 707 compendio
1242 651 1423 706 syllabae
1452 651 1501 702 ἧς
1530 665 1612 706 pro

141 717 331 773 simplici
350 721 377 772 ἦ
394 732 520 760 usum
540 732 644 760 esse.
702 718 816 761 Vide
835 713 1097 775 μεταφορικὴ
1117 718 1142 772 ἡ
1161 718 1247 774 (ex.
1262 717 1307 774 5)
1325 718 1442 774 λέξις
1460 721 1549 775 (ex.
1568 718 1611 775 1)

141 790 186 844 pt
203 783 333 834 αἷδῶς
351 782 423 827 καὶ
441 785 528 841 (ex.
547 783 618 840 13)
640 783 820 843 αἰσχύνη
839 785 1124 842 διαφέρουσιν.

202 868 267 906 15.
295 863 488 920 Syllabae
506 864 729 907 ffi-Vide
749 872 901 907 notam
922 867 1104 921 syllabae
1124 867 1186 918 ry—v,
1203 866 1273 908 cui
1291 868 1328 908 si
1344 868 1430 908 duo
1451 874 1613 922 puncta

140 933 536 988 superscribuntur,
551 933 752 975 nascitur
768 939 874 975 nota
893 933 1073 990 syllabae
1090 936 1138 975 ι’ὑ.
1179 935 1291 976 conf.
1307 949 1463 976 vocem
1478 934 1612 990 τάξιν.

142 1001 393 1057 Saepissime
414 1007 562 1043 autem
582 1002 668 1043 duo
689 1001 768 1043 illa
794 1008 963 1056 puncta
991 1002 1270 1050 omittuntur,
1292 1008 1424 1057 atque
1437 1004 1483 1044 ἰῖι
1500 1010 1545 1045 et
1562 1005 1614 1055 ἦν

142 1066 239 1112 sola
257 1070 371 1112 serie
395 1069 610 1111 orationis
639 1069 841 1126 dignosci
872 1076 1066 1126 possunt.
1128 1070 1195 1111 De
1226 1068 1335 1111 nota
1363 1071 1544 1126 syllabae
1574 1071 1618 1113 E

140 1138 457 1192 posterioribus
473 1139 747 1194 temporibus
769 1136 940 1186 usitata,
959 1152 1091 1194 quam
1119 1139 1346 1180 interdum
1373 1139 1420 1180 in
1450 1138 1613 1181 lineam

139 1204 285 1261 ipsam
312 1205 605 1254 immiserunt,
625 1206 825 1247 consulat
853 1207 993 1248 lector
1013 1219 1169 1248 vocem
1195 1201 1408 1259 ἔκπληξιν,
1434 1220 1490 1248 ex
1510 1205 1615 1262 Ety-

139 1273 243 1316 mol.
258 1272 444 1315 Sorbon.
506 1272 556 1314 In
568 1273 727 1315 Codice
741 1273 882 1317 vatic.
903 1279 998 1316 305.
1017 1280 1123 1316 nota
1136 1274 1317 1330 syllabae
1338 1275 1379 1315 ἶιῖ
1396 1275 1457 1316 sic
1477 1274 1617 1319 efficta

140 1346 222 1389 est,
255 1347 305 1383 ut
337 1341 433 1383 aliis
466 1341 513 1383 in
553 1343 773 1385 codicibus
813 1343 1122 1398 compendium
1155 1344 1339 1400 syllabae
1369 1343 1421 1392 ε-ς.
1502 1343 1615 1385 Vide

140 1422 271 1452 voces
289 1408 551 1466 πράγμασιν,
574 1409 715 1467 φύσιν,
737 1408 851 1454 κατὰ
869 1410 958 1468 (ex.
976 1412 1018 1466 3)
1038 1411 1227 1466 διάλεξιν
1245 1414 1317 1467 τῆς
1336 1410 1421 1468 (ex.
1440 1410 1485 1466 8)
1505 1410 1616 1468 φρά-

143 1493 261 1527 σεως.
319 1478 538 1521 Ultimum
567 1481 819 1536 exemplum
848 1487 1072 1536 sumptum
1103 1487 1171 1523 est
1199 1494 1223 1522 e
1253 1481 1427 1522 scholiis
1458 1482 1514 1522 ad
1537 1480 1614 1522 Ni-

140 1546 295 1588 candri
313 1547 441 1589 Ther.
463 1562 504 1589 v,
526 1555 562 1595 ’1,
583 1549 660 1590 ubi
690 1548 899 1591 editiones
925 1550 1084 1591 melius
1104 1550 1268 1591 habent
1288 1545 1400 1591 κατὰ
1421 1547 1615 1602 διάταξιν

140 1615 215 1670 τῆς
233 1614 443 1673 φράσεως-
1161 1679 1219 1685 —
1368 1677 1412 1682 -

210 1683 388 1727 Scilicet
428 1685 576 1727 scriba
609 1686 769 1728 codicis
791 1692 885 1728 305.
910 1690 936 1728 ἰ
970 1701 1052 1742 pro
1085 1686 1128 1735 Χ,
1162 1686 1220 1739 αξ
1250 1700 1333 1741 pro
1366 1686 1414 1740 εξ
1451 1686 1612 1728 habuit.

144 1751 227 1794 Hoe
245 1753 422 1807 quidem
440 1754 623 1809 syllabae
643 1768 724 1809 per
743 1754 1042 1811 ignorantiam
1061 1755 1306 1811 legentium
1328 1754 1484 1807 saepius
1513 1767 1616 1794 con-

140 1819 251 1863 fusae
282 1828 384 1864 sunt
397 1836 407 1871 ;
444 1822 544 1863 vide
573 1836 703 1864 voces
734 1820 960 1876 ἀξιώσεως,
991 1820 1253 1879 ἐφυλάξατε,
1285 1820 1488 1878 ἐξηγεῖτο,
1522 1821 1616 1876 ἑξῆς

141 1901 167 1930 e
187 1886 291 1930 Cod-
314 1887 529 1946 Hermog.
553 1894 673 1932 1983.
734 1890 900 1933 Eodem
929 1891 1061 1933 modo
1091 1892 1283 1932 confusae
1312 1897 1414 1932 sunt
1433 1891 1614 1945 syllabae

141 1951 207 2009 «ἶ
215 1963 260 1999 et
275 1952 334 2009 ἕξ,
349 1959 508 2014 quippe
528 1959 766 2002 discrimen
780 1961 897 2002 inter
917 1974 991 2002 eas
1011 1960 1286 2002 intercedens
1305 1960 1465 2001 multos
1483 1959 1613 2016 fugit.

142 2025 241 2068 Vid.
273 2039 404 2068 voces
435 2022 602 2081 ἀζήμιος
634 2034 679 2070 et
709 2027 944 2083 πιεζόμενος
969 2042 994 2069 e
1019 2027 1125 2070 Cod.
1146 2027 1359 2086 Hermog.
1381 2033 1502 2072 1983.
1562 2027 1614 2069 In

141 2091 276 2136 SuidA
309 2108 349 2136 v·
371 2092 553 2149 αι’μασιὰ
589 2097 805 2138 dederunt
837 2093 1024 2151 ἥρπαζον
1057 2110 1138 2151 pro
1170 2091 1363 2150 ἅρπεζον.
1441 2095 1614 2151 Inspice

141 2162 225 2205 hoc
244 2158 435 2218 ἅρπεζον,
455 2177 480 2204 e
499 2163 604 2205 Cod.
624 2163 668 2206 S.
684 2163 834 2206 Germ.
852 2169 947 2205 345.

203 2245 270 2283 16.
300 2241 492 2297 Synabae
511 2242 743 2290 tE—Nota
761 2243 887 2298 hujus
906 2242 1087 2298 syllabae
1109 2256 1136 2283 a
1155 2241 1415 2298 compendio
1435 2243 1615 2297 syllabae

141 2309 188 2360 ἴς
225 2322 317 2351 non
350 2309 508 2357 differt,
532 2310 615 2352 nisi
652 2312 821 2353 duobus
854 2310 1024 2366 punctis
1057 2309 1375 2366 superscriptis.
1453 2309 1616 2352 Confer

141 2388 299 2418 vocem
332 2373 522 2434 διήγησις
554 2393 580 2420 e
607 2378 712 2420 Cod.
731 2378 991 2436 Hermogen
1017 2385 1136 2421 1983.
1226 2379 1312 2420 Sed
1342 2379 1417 2420 illa
1450 2386 1616 2434 puncta

141 2444 380 2500 saepissime
400 2447 565 2495 desunt,
586 2454 720 2502 utque
741 2446 778 2494 Γς
795 2454 841 2489 et
865 2449 912 2499 ᾗ
941 2447 1184 2505 dignoscas,
1204 2447 1251 2489 in
1280 2446 1373 2489 sola
1402 2448 1615 2490 orationis

142 2512 257 2554 serie
287 2513 425 2556 situm
456 2522 533 2557 est.
606 2515 656 2557 In
676 2515 859 2558 Scholiis
885 2517 942 2558 ad
962 2516 1013 2558 Il.
1027 2521 1077 2560 E.
1090 2521 1185 2559 299.
1207 2516 1475 2558 Villoisonus
1505 2517 1616 2572 legit

141 2582 287 2636 ἀλκῆς,
301 2584 416 2638 quod
437 2580 560 2632 ἀλκὶς
578 2583 816 2640 legendum
836 2592 942 2627 erat.
986 2599 1026 2626 v,
1048 2585 1249 2640 Append.
1271 2599 1312 2640 p.
1327 2591 1392 2625 30.
1445 2584 1617 2639 Inspice

142 2663 275 2691 voces
306 2646 391 2693 ἀπὸ
415 2649 505 2708 (ex.
527 2649 572 2706 2)
601 2651 680 2693 τοῦ
699 2651 788 2708 (ex.
808 2650 850 2709 l)
881 2651 1005 2701 ἀλκὶς
1035 2652 1237 2695 αἰολικοῢ.
1303 2651 1617 2693 Recentiorum

142 2723 393 2772 temporum
407 2725 558 2760 notam
572 2720 967 2776 tachygraphicam
980 2719 1210 2777 syllabae'*
1181 2737 1216 2768 ις
1232 2720 1472 2762 ostendunt
1483 2733 1616 2761 voces

141 2781 231 2838 τρὶς
261 2791 302 2828 et
332 2783 541 2834 πολλάκις
560 2786 643 2840 (ex.
655 2788 717 2840 2),
748 2803 774 2830 e
801 2787 906 2830 Cod.
919 2789 1019 2831 Vat.
1030 2795 1125 2830 305.
1192 2788 1616 2875 Supemcriptum—
1580 2806 1617 2838 ις

140 2852 312 2895 librarii
331 2867 647 2909 nonnunquam
675 2858 982 2913 neglexerunt.
