1976 3288
651 193 917 227 tumultun
941 192 1086 221 vocuu.
1552 181 1605 222 41

137 293 333 337 oodioem
351 286 457 339 dai-e
478 289 627 333 debuit
644 288 718 332 τὸν
737 288 940 343 βασιλέα.
1001 303 1040 330 v.
1063 289 1268 333 Βασιλέα.

194 355 601 418 &pomum—Hoc
621 358 894 414 adjectivum,
908 357 1090 413 perinde
1111 364 1159 399 ut
1173 359 1313 400 verba
1331 349 1605 414 βαρύνεσθαι,

137 428 478 486 βαρπονεῖσθαι,
499 433 595 474 etc„
618 427 667 468 in
695 425 915 467 codicibus
948 427 1343 482 grammaticorum
1371 443 1476 471 raro
1505 431 1610 471 scri-

138 498 258 540 bitur
274 497 418 553 plenis
436 495 712 551 integrisque
742 493 894 535 literis.
955 493 1155 535 Primum
1184 497 1435 551 exemplum
1454 494 1608 552 Βῖρῖν,

138 563 436 621 superscripto
454 563 490 610 ὃ,
510 568 643 618 prout
662 562 803 617 poscit
829 567 1058 603 contextus
1080 564 1333 610 verborum,
1354 565 1447 621 legi
1470 572 1611 619 potest

137 631 385 689 βαρύτονος,
398 629 654 686 βαρυτόνως,
670 627 980 683 βαρυτονεῖται,
998 645 1033 670 κ.
1050 645 1088 670 τ.
1103 633 1144 671 λ.
1158 644 1169 671 ε
1200 625 1303 685 W,
1318 632 1611 687 superscripto

140 706 174 749 ὗ,
200 703 395 759 ejusdem
423 706 488 742 est
516 697 857 755 significationis,
890 711 941 740 ac
975 704 1194 752 praeterea
1227 699 1447 756 significat
1477 699 1613 755 βαρύ-

142 785 269 817 vum,
304 766 550 823 βαρύνουσι,
581 760 730 820 βαρὺς,
764 781 802 806 κ.
826 780 864 806 τ.
887 769 929 806 λ.
996 764 1110 807 Vide
1145 781 1275 809 voces
1305 766 1427 809 πᾶσα
1460 767 1546 823 (ex.
1568 766 1614 823 2)

139 835 255 892 λέξις
267 834 354 892 (ex.
372 832 418 888 3)
436 835 492 883 εἷς
513 832 575 888 ἆβ
595 827 790 888 λήγουσα
810 830 1041 886 βαρύνεται
1063 833 1147 887 (ex.
1164 832 1325 890 4).—Si
1344 837 1391 876 in
1411 835 1613 892 genitivo

141 903 389 960 Bapn'rrovwv
422 901 565 945 finalis
597 901 769 956 syllaba
798 896 855 942 ὧῖι
882 914 971 942 una
1002 915 1103 943 cum
1128 909 1314 944 accentu
1342 903 1614 958 exprimitur,

141 974 264 1016 vocis
279 973 405 1029 hujus
424 986 478 1014 ea
497 977 563 1013 est
581 971 738 1018 forma,
758 983 890 1024 quam
911 971 1113 1025 exempla
1136 971 1222 1013 duo
1242 973 1485 1013 ostendunt.

198 1034 733 1095 Tencthe—compendium
770 1037 899 1092 hujus
938 1038 1059 1078 vocis
1093 1038 1280 1095 vulgare
1320 1044 1387 1080 est
1423 1039 1615 1085 Gamma,

144 1109 217 1152 cui
232 1108 256 1150 ἒ
274 1107 625 1162 superscriptum
645 1110 730 1146 est.
791 1103 890 1145 Duo
918 1104 1063 1158 prima
1092 1106 1294 1160 exempla
1319 1113 1491 1161 sumpta
1517 1113 1619 1148 sunt

143 1191 171 1219 e
190 1175 293 1218 Cod.
314 1173 358 1215 S.
380 1173 530 1216 Germ.
554 1180 662 1220 345„
685 1172 826 1214 altera
845 1173 932 1213 duo
951 1186 1007 1213 ex
1028 1172 1275 1229 Etymolog.
1298 1173 1487 1216 Sorbon.

201 1240 527 1299 Γεῶργιος.-Ῑιι
555 1241 683 1295 hujus
710 1239 828 1280 vocis
858 1238 1129 1294 compendio,
1155 1254 1180 1281 e
1204 1238 1307 1281 cod.
1334 1240 1615 1297 Hermogen„

145 1311 326 1354 Gamma
345 1307 988 1364 superscribitur,antecedenti
1008 1307 1117 1349 Rho.

202 1377 502 1422 rhama-De
523 1376 776 1418 confusione
795 1376 924 1430 hujus
945 1375 1072 1417 verbi
1101 1391 1202 1419 cum
1231 1377 1488 1433 pronomine
1513 1374 1621 1425 τινὲς

145 1449 246 1492 vide
267 1461 401 1504 supra
418 1445 635 1501 syllabam
656 1445 712 1486 ᾖ.

201 1513 364 1569 Γνώμη,
383 1510 1030 1569 συγγνώμῃ-δαρειεοτὶὒὶωι·
1050 1513 1094 1558 ὦ,
1116 1512 1419 1569 omittiturque
1450 1515 1622 1571 syllaba

150 1583 202 1591 —-

146 1600 215 1638 μη.
283 1583 385 1624 vide
419 1594 549 1624 voces
584 1577 730 1635 γνώμῃ
762 1573 818 1633 μὴ
849 1577 934 1634 (ex.
958 1582 1000 1631 l)
1031 1577 1165 1633 μένων
1195 1580 1282 1636 (ex.
1305 1579 1349 1637 1)
1383 1596 1407 1623 e
1438 1581 1543 1624 Cod.
1577 1583 1620 1623 S.

147 1651 296 1696 Germ.
318 1654 421 1692 345:

201 1715 636 1774 Γράφεται.-Ηιι]ιιε
657 1716 784 1757 verbi
807 1715 1127 1770 compendium,
1150 1718 1265 1771 quod
1284 1716 1390 1758 nihil
1410 1724 1480 1759 est
1502 1718 1622 1759 aliud

149 1801 279 1843 quam
300 1786 479 1828 Gamma
507 1785 675 1826 habens
704 1785 917 1825 innexum
947 1784 1031 1825 sibi
1055 1784 1162 1831 Rho,
1186 1786 1356 1826 videbis
1386 1799 1505 1826 num.
1530 1792 1566 1827 2.
1585 1792 1623 1826 3.

148 1870 206 1898 ex
232 1854 486 1910 Etymolog.
518 1853 706 1894 Sorbon.
738 1857 782 1893 et
811 1851 916 1893 Cod.
943 1851 984 1892 S.
1009 1851 1164 1894 Germ.
1199 1858 1296 1894 345.
1356 1854 1442 1894 vid.
1466 1866 1507 1907 p.
1530 1858 1623 1895 10⁹7.

150 1922 250 1966 Fue-a
268 1928 311 1967 et
335 1922 421 1964 Γνῖι.
479 1919 898 1975 Frequentissimum
929 1926 1000 1960 est
1031 1919 1078 1960 in
1108 1920 1384 1976 marginibus
1413 1921 1624 1975 plurimo-

149 2005 252 2034 rum
271 1990 482 2036 codicum,
503 1988 726 2043 vulgoque
747 1988 809 2029 sic
828 1987 1075 2029 indicantur
1093 1989 1321 2043 scripnuae
1341 1989 1622 2030 diversitates.

151 2059 241 2103 Ubi
257 2059 306 2102 in
323 2059 420 2114 ipso
448 2063 571 2099 textu
599 2057 834 2112 reperitur,
858 2055 997 2098 exitus
1019 2057 1142 2098 verbi
1162 2070 1333 2111 quoque
1359 2057 1456 2098 loco
1479 2056 1552 2104 sic,
1572 2063 1623 2098 ut

152 2127 297 2183 poscit
318 2131 564 2172 contextus,
583 2125 850 2180 supplendus
869 2131 936 2166 est
954 2139 964 2174 3
1000 2138 1106 2166 nam
1126 2138 1265 2165 unum
1283 2124 1486 2178 idemque
1506 2138 1623 2165 com·

150 2194 357 2251 pendium
383 2193 441 2248 «γ-ι)
469 2193 720 2248 significare
748 2197 895 2246 potest
925 2189 1096 2247 γράφει,
1118 2189 1347 2246 γράφουσι,
1367 2188 1624 2246 γράφονται,

153 2269 202 2303 ut
226 2261 421 2303 breviter
448 2261 601 2306 dicam,
622 2273 775 2300 omnes
806 2272 1016 2314 personas
1046 2259 1287 2313 modosque
1307 2259 1434 2300 verbi
1454 2257 1623 2314 γράφω,

154 2330 230 2385 qui
249 2343 276 2370 a
294 2326 463 2384 syllaba
483 2333 608 2384 γραφ
628 2327 852 2382 incipiunt.

212 2397 547 2439 Substantivum
576 2390 725 2451 γραφὴ
756 2396 913 2437 eodem
942 2395 1150 2437 scribitur
1179 2366 1450 2450 compendio.
1510 2396 1623 2438 Vide

155 2479 286 2508 voces
323 2466 375 2518 τῇ
411 2466 499 2520 (ex.
521 2461 564 2518 1)
592 2463 744 2520 γραφῇ
777 2477 802 2504 e
832 2463 934 2504 Cod.
963 2462 1100 2504 Paris.
1127 2467 1219 2504 133.
1288 2461 1505 2519 Γράφεται
1545 2477 1626 2518 per

157 2533 463 2588 compendium
490 2531 716 2587 scriptum,
746 2532 1037 2572 confuderunt
1066 2544 1168 2572 cum
1198 2528 1523 2585 particula*-
1442 2547 1531 2585 γαρ
1561 2532 1625 2571 sic

156 2599 284 2657 picta,
305 2608 354 2642 ut
381 2601 574 2642 ostendit
593 2598 680 2654 (ex.
697 2597 754 2654 5).
815 2598 938 2640 Idem
968 2597 1183 2655 γράφεται
1218 2598 1358 2639 simile
1391 2604 1458 2638 est
1489 2599 1626 2641 etiam

158 2674 279 2709 notae
314 2667 675 2724 tachygraphicae
705 2667 1027 2722 praepositionis
1055 2664 1169 2719 πρός.
1229 2663 1344 2705 Vide
1369 2678 1500 2705 voces
1523 2661 1627 2718 πρὸς

158 2734 245 2791 (ex.
264 2734 306 2788 3)
335 2729 411 2788 τὴν
440 2734 526 2790 (ex.
549 2733 598 2786 4)
630 2732 794 2776 κοιλίαν
823 2749 847 2775 e
879 2734 982 2775 Cod.
1014 2733 1181 2774 Platon.
1213 2736 1333 2779 1807,
1365 2737 1409 2773 et
1439 2732 1625 2773 verbum

157 2801 421 2857 προσέθηκεν.
501 2801 728 2845 Praeterea
765 2804 951 2844 verbum
990 2799 1174 2858 γράφειν
1213 2800 1518 2856 compendiose
1563 2801 1625 2842 sic
