<?xml version="1.0" encoding="UTF-8"?>
<!DOCTYPE html PUBLIC "-//W3C//DTD XHTML 1.0 Transitional//EN"
    "http://www.w3.org/TR/xhtml1/DTD/xhtml1-transitional.dtd">
<html xmlns="http://www.w3.org/1999/xhtml" xml:lang="en" lang="en">
 <head>
  <title>
</title>
<meta http-equiv="Content-Type" content="text/html;charset=utf-8" />
  <meta name='ocr-system' content='tesseract 3.04.00' />
  <meta name='ocr-capabilities' content='ocr_page ocr_carea ocr_par ocr_line ocrx_word'/>
</head>
<body>
  <div class='ocr_page' id='page_1' title='image "./excerptaexcommen00bastuoft_0021.png"; bbox 0 0 1976 3288; ppageno 0'>
   <div class='ocr_carea' id='block_1_1' title="bbox 678 219 1643 259">
    <p class='ocr_par' dir='ltr' id='par_1_1' title="bbox 678 219 1643 259">
     <span class='ocr_line' id='line_1_1' title="bbox 678 219 1643 259; baseline 0.005 -5"><span class='ocrx_word' id='word_1_1' title='bbox 678 229 728 254; x_wconf 78' lang='lat' dir='ltr'><strong>DE</strong></span> <span class='ocrx_word' id='word_1_2' title='bbox 755 222 936 254; x_wconf 72' lang='lat' dir='ltr'>SINGULIS</span> <span class='ocrx_word' id='word_1_3' title='bbox 968 229 1133 255; x_wconf 76' lang='lat' dir='ltr'>LITERIS.</span> <span class='ocrx_word' id='word_1_4' title='bbox 1615 219 1643 259; x_wconf 80' lang='grc'>5</span> 
     </span>
    </p>
   </div>
   <div class='ocr_carea' id='block_1_2' title="bbox 166 321 1646 2431">
    <p class='ocr_par' dir='ltr' id='par_1_2' title="bbox 167 321 1642 516">
     <span class='ocr_line' id='line_1_2' title="bbox 189 321 1642 379; baseline 0 -13"><span class='ocrx_word' id='word_1_5' title='bbox 189 338 197 344; x_wconf 77' lang='lat'><em>&#39;</em></span> <span class='ocrx_word' id='word_1_6' title='bbox 235 322 515 371; x_wconf 59' lang='lat' dir='ltr'><strong>Exta—Qua</strong></span> <span class='ocrx_word' id='word_1_7' title='bbox 551 337 632 364; x_wconf 87' lang='lat' dir='ltr'><strong>nos</strong></span> <span class='ocrx_word' id='word_1_8' title='bbox 670 321 812 364; x_wconf 68' lang='lat' dir='ltr'><strong>forma</strong></span> <span class='ocrx_word' id='word_1_9' title='bbox 849 323 974 379; x_wconf 91' lang='lat' dir='ltr'><strong>hujus</strong></span> <span class='ocrx_word' id='word_1_10' title='bbox 1010 323 1146 364; x_wconf 86' lang='lat' dir='ltr'><strong>literae</strong></span> <span class='ocrx_word' id='word_1_11' title='bbox 1182 323 1356 365; x_wconf 73' lang='lat' dir='ltr'><strong>tantum</strong></span> <span class='ocrx_word' id='word_1_12' title='bbox 1394 325 1440 366; x_wconf 90' lang='lat' dir='ltr'><strong>in</strong></span> <span class='ocrx_word' id='word_1_13' title='bbox 1479 325 1642 366; x_wconf 82' lang='lat' dir='ltr'><strong>unciali</strong></span> 
     </span>
     <span class='ocr_line' id='line_1_3' title="bbox 171 390 1640 448; baseline 0.002 -16"><span class='ocrx_word' id='word_1_14' title='bbox 171 391 406 448; x_wconf 81' lang='lat' dir='ltr'><strong>alphabeto</strong></span> <span class='ocrx_word' id='word_1_15' title='bbox 425 390 598 437; x_wconf 86' lang='lat' dir='ltr'><strong>utimur,</strong></span> <span class='ocrx_word' id='word_1_16' title='bbox 620 404 674 433; x_wconf 88' lang='lat' dir='ltr'><strong>ea</strong></span> <span class='ocrx_word' id='word_1_17' title='bbox 698 391 745 431; x_wconf 94' lang='lat' dir='ltr'><strong>in</strong></span> <span class='ocrx_word' id='word_1_18' title='bbox 772 390 992 433; x_wconf 84' lang='lat' dir='ltr'>codicibus</span> <span class='ocrx_word' id='word_1_19' title='bbox 1017 398 1269 446; x_wconf 89' lang='lat' dir='ltr'><strong>temporum</strong></span> <span class='ocrx_word' id='word_1_20' title='bbox 1289 399 1333 433; x_wconf 92' lang='lat' dir='ltr'><strong>et</strong></span> <span class='ocrx_word' id='word_1_21' title='bbox 1351 394 1640 435; x_wconf 84' lang='lat' dir='ltr'><strong>vetustiorum</strong></span> 
     </span>
     <span class='ocr_line' id='line_1_4' title="bbox 167 457 1494 516; baseline 0.002 -15"><span class='ocrx_word' id='word_1_22' title='bbox 167 467 214 503; x_wconf 84' lang='lat' dir='ltr'><strong>et</strong></span> <span class='ocrx_word' id='word_1_23' title='bbox 233 460 533 502; x_wconf 83' lang='lat' dir='ltr'><strong>recentiorum</strong></span> <span class='ocrx_word' id='word_1_24' title='bbox 552 459 687 500; x_wconf 88' lang='lat' dir='ltr'><strong>etiam</strong></span> <span class='ocrx_word' id='word_1_25' title='bbox 705 458 752 500; x_wconf 90' lang='lat' dir='ltr'><strong>in</strong></span> <span class='ocrx_word' id='word_1_26' title='bbox 771 457 1011 501; x_wconf 61' lang='lat' dir='ltr'><strong>minuscula</strong></span> <span class='ocrx_word' id='word_1_27' title='bbox 1030 459 1243 515; x_wconf 65' lang='lat' dir='ltr'><strong>scriptura</strong></span> <span class='ocrx_word' id='word_1_28' title='bbox 1261 463 1494 516; x_wconf 91' lang='lat' dir='ltr'><strong>reperitur.</strong></span> 
     </span>
    </p>

    <p class='ocr_par' dir='ltr' id='par_1_3' title="bbox 166 526 1644 1202">
     <span class='ocr_line' id='line_1_5' title="bbox 241 526 1642 586; baseline 0.003 -14"><span class='ocrx_word' id='word_1_29' title='bbox 241 530 340 572; x_wconf 87' lang='lat' dir='ltr'><strong>Hoc</strong></span> <span class='ocrx_word' id='word_1_30' title='bbox 364 530 454 572; x_wconf 86' lang='lat' dir='ltr'><strong>Eta</strong></span> <span class='ocrx_word' id='word_1_31' title='bbox 482 526 567 585; x_wconf 87' lang='lat' dir='ltr'><strong>(H)</strong></span> <span class='ocrx_word' id='word_1_32' title='bbox 597 528 742 570; x_wconf 89' lang='lat' dir='ltr'><strong>minus</strong></span> <span class='ocrx_word' id='word_1_33' title='bbox 778 535 980 571; x_wconf 85' lang='lat' dir='ltr'><strong>accurate</strong></span> <span class='ocrx_word' id='word_1_34' title='bbox 1014 529 1212 585; x_wconf 85' lang='lat' dir='ltr'><strong>legentes</strong></span> <span class='ocrx_word' id='word_1_35' title='bbox 1248 544 1363 586; x_wconf 88' lang='lat' dir='ltr'><strong>saepe</strong></span> <span class='ocrx_word' id='word_1_36' title='bbox 1394 533 1642 584; x_wconf 87' lang='lat' dir='ltr'><strong>habuerunt</strong></span> 
     </span>
     <span class='ocr_line' id='line_1_6' title="bbox 167 599 1643 658; baseline 0.003 -15"><span class='ocrx_word' id='word_1_37' title='bbox 167 615 252 658; x_wconf 88' lang='lat' dir='ltr'><strong>pro</strong></span> <span class='ocrx_word' id='word_1_38' title='bbox 281 605 338 650; x_wconf 91' lang='lat' dir='ltr'><strong>N,</strong></span> <span class='ocrx_word' id='word_1_39' title='bbox 365 611 460 657; x_wconf 80' lang='lat' dir='ltr'><strong>quae</strong></span> <span class='ocrx_word' id='word_1_40' title='bbox 491 601 635 642; x_wconf 86' lang='lat' dir='ltr'><strong>forma</strong></span> <span class='ocrx_word' id='word_1_41' title='bbox 665 599 803 641; x_wconf 85' lang='lat' dir='ltr'><strong>literae</strong></span> <span class='ocrx_word' id='word_1_42' title='bbox 836 601 913 642; x_wconf 87' lang='lat' dir='ltr'><strong>Nu</strong></span> <span class='ocrx_word' id='word_1_43' title='bbox 945 600 1050 642; x_wconf 89' lang='lat' dir='ltr'><strong>item</strong></span> <span class='ocrx_word' id='word_1_44' title='bbox 1082 602 1130 643; x_wconf 91' lang='lat' dir='ltr'><strong>in</strong></span> <span class='ocrx_word' id='word_1_45' title='bbox 1163 602 1406 646; x_wconf 70' lang='lat' dir='ltr'><strong>minuscula</strong></span> <span class='ocrx_word' id='word_1_46' title='bbox 1443 605 1643 647; x_wconf 89' lang='lat' dir='ltr'><strong>codicum</strong></span> 
     </span>
     <span class='ocr_line' id='line_1_7' title="bbox 166 667 1644 724; baseline 0.003 -13"><span class='ocrx_word' id='word_1_47' title='bbox 166 667 386 724; x_wconf 63' lang='lat' dir='ltr'><strong>scripturi}¹</strong></span> <span class='ocrx_word' id='word_1_48' title='bbox 407 670 511 711; x_wconf 88' lang='lat' dir='ltr'><strong>satis</strong></span> <span class='ocrx_word' id='word_1_49' title='bbox 534 669 738 723; x_wconf 84' lang='lat' dir='ltr'><strong>frequens</strong></span> <span class='ocrx_word' id='word_1_50' title='bbox 764 675 841 710; x_wconf 87' lang='lat' dir='ltr'><strong>est.</strong></span> <span class='ocrx_word' id='word_1_51' title='bbox 903 668 1012 711; x_wconf 86' lang='lat' dir='ltr'><strong>Haec</strong></span> <span class='ocrx_word' id='word_1_52' title='bbox 1038 683 1170 712; x_wconf 88' lang='lat' dir='ltr'><strong>causa</strong></span> <span class='ocrx_word' id='word_1_53' title='bbox 1196 672 1460 715; x_wconf 85' lang='lat' dir='ltr'><strong>confusionis</strong></span> <span class='ocrx_word' id='word_1_54' title='bbox 1485 675 1644 716; x_wconf 81' lang='lat' dir='ltr'><strong>harum</strong></span> 
     </span>
     <span class='ocr_line' id='line_1_8' title="bbox 168 736 1642 792; baseline 0.003 -12"><span class='ocrx_word' id='word_1_55' title='bbox 168 738 408 785; x_wconf 86' lang='lat' dir='ltr'><strong>literarum,</strong></span> <span class='ocrx_word' id='word_1_56' title='bbox 427 737 631 792; x_wconf 88' lang='lat' dir='ltr'><strong>inprimis</strong></span> <span class='ocrx_word' id='word_1_57' title='bbox 656 737 729 783; x_wconf 92' lang='lat' dir='ltr'><strong>ibi,</strong></span> <span class='ocrx_word' id='word_1_58' title='bbox 752 736 828 778; x_wconf 93' lang='lat' dir='ltr'><strong>ubi</strong></span> <span class='ocrx_word' id='word_1_59' title='bbox 849 737 1042 779; x_wconf 87' lang='lat' dir='ltr'><strong>calamus</strong></span> <span class='ocrx_word' id='word_1_60' title='bbox 1061 739 1217 780; x_wconf 84' lang='lat' dir='ltr'><strong>scribae</strong></span> <span class='ocrx_word' id='word_1_61' title='bbox 1238 741 1433 782; x_wconf 82' lang='lat' dir='ltr'><strong>obtusior</strong></span> <span class='ocrx_word' id='word_1_62' title='bbox 1451 742 1642 784; x_wconf 84' lang='lat' dir='ltr'><strong>minutos</strong></span> 
     </span>
     <span class='ocr_line' id='line_1_9' title="bbox 166 805 1641 859; baseline 0.002 -12"><span class='ocrx_word' id='word_1_63' title='bbox 166 819 322 848; x_wconf 83' lang='lat' dir='ltr'><strong>earum</strong></span> <span class='ocrx_word' id='word_1_64' title='bbox 347 807 499 848; x_wconf 87' lang='lat' dir='ltr'><strong>ductus</strong></span> <span class='ocrx_word' id='word_1_65' title='bbox 523 811 618 847; x_wconf 89' lang='lat' dir='ltr'><strong>tam</strong></span> <span class='ocrx_word' id='word_1_66' title='bbox 643 819 802 859; x_wconf 85' lang='lat' dir='ltr'><strong>parum</strong></span> <span class='ocrx_word' id='word_1_67' title='bbox 829 805 1038 847; x_wconf 88' lang='lat' dir='ltr'><strong>distincte</strong></span> <span class='ocrx_word' id='word_1_68' title='bbox 1068 807 1249 854; x_wconf 84' lang='lat' dir='ltr'><strong>fecisset,</strong></span> <span class='ocrx_word' id='word_1_69' title='bbox 1271 814 1332 856; x_wconf 91' lang='lat' dir='ltr'><strong>ut,</strong></span> <span class='ocrx_word' id='word_1_70' title='bbox 1353 815 1500 851; x_wconf 89' lang='lat' dir='ltr'><strong>rectus</strong></span> <span class='ocrx_word' id='word_1_71' title='bbox 1525 817 1641 852; x_wconf 84' lang='lat' dir='ltr'><strong>esset</strong></span> 
     </span>
     <span class='ocr_line' id='line_1_10' title="bbox 167 873 1639 932; baseline 0.002 -16"><span class='ocrx_word' id='word_1_72' title='bbox 167 874 336 916; x_wconf 85' lang='lat' dir='ltr'><strong>medius</strong></span> <span class='ocrx_word' id='word_1_73' title='bbox 371 875 530 915; x_wconf 89' lang='lat' dir='ltr'><strong>ductus</strong></span> <span class='ocrx_word' id='word_1_74' title='bbox 569 887 626 915; x_wconf 87' lang='lat' dir='ltr'><strong>an</strong></span> <span class='ocrx_word' id='word_1_75' title='bbox 661 873 869 928; x_wconf 88' lang='lat' dir='ltr'><strong>obliquus,</strong></span> <span class='ocrx_word' id='word_1_76' title='bbox 904 887 994 914; x_wconf 92' lang='lat' dir='ltr'><strong>non</strong></span> <span class='ocrx_word' id='word_1_77' title='bbox 1034 882 1280 929; x_wconf 83' lang='lat' dir='ltr'><strong>appareret,</strong></span> <span class='ocrx_word' id='word_1_78' title='bbox 1317 877 1394 917; x_wconf 88' lang='lat' dir='ltr'><strong>sed</strong></span> <span class='ocrx_word' id='word_1_79' title='bbox 1425 877 1639 932; x_wconf 77' lang='lat' dir='ltr'><strong>Judicium</strong></span> 
     </span>
     <span class='ocr_line' id='line_1_11' title="bbox 167 942 1643 998; baseline 0.001 -14"><span class='ocrx_word' id='word_1_80' title='bbox 167 942 380 998; x_wconf 88' lang='lat' dir='ltr'><strong>penderet</strong></span> <span class='ocrx_word' id='word_1_81' title='bbox 411 956 438 984; x_wconf 88' lang='lat' dir='ltr'><strong>a</strong></span> <span class='ocrx_word' id='word_1_82' title='bbox 466 942 558 984; x_wconf 90' lang='lat' dir='ltr'><strong>solo</strong></span> <span class='ocrx_word' id='word_1_83' title='bbox 590 955 716 983; x_wconf 89' lang='lat' dir='ltr'><strong>sensu</strong></span> <span class='ocrx_word' id='word_1_84' title='bbox 747 944 1002 983; x_wconf 88' lang='lat' dir='ltr'><strong>verborum.</strong></span> <span class='ocrx_word' id='word_1_85' title='bbox 1064 942 1211 984; x_wconf 86' lang='lat' dir='ltr'><strong>Etiam</strong></span> <span class='ocrx_word' id='word_1_86' title='bbox 1231 948 1270 985; x_wconf 89' lang='lat' dir='ltr'>H</span> <span class='ocrx_word' id='word_1_87' title='bbox 1290 951 1336 985; x_wconf 89' lang='lat' dir='ltr'><strong>et</strong></span> <span class='ocrx_word' id='word_1_88' title='bbox 1358 949 1397 986; x_wconf 93' lang='lat' dir='ltr'>H</span> <span class='ocrx_word' id='word_1_89' title='bbox 1417 946 1643 986; x_wconf 89' lang='lat' dir='ltr'><strong>interdum</strong></span> 
     </span>
     <span class='ocr_line' id='line_1_12' title="bbox 169 1009 1643 1066; baseline 0.001 -14"><span class='ocrx_word' id='word_1_90' title='bbox 169 1011 265 1052; x_wconf 85' lang='lat' dir='ltr'><strong>solo</strong></span> <span class='ocrx_word' id='word_1_91' title='bbox 297 1012 536 1052; x_wconf 87' lang='lat' dir='ltr'><strong>verborum</strong></span> <span class='ocrx_word' id='word_1_92' title='bbox 574 1023 708 1051; x_wconf 91' lang='lat' dir='ltr'><strong>sensu</strong></span> <span class='ocrx_word' id='word_1_93' title='bbox 742 1009 944 1066; x_wconf 88' lang='lat' dir='ltr'><strong>dignosci</strong></span> <span class='ocrx_word' id='word_1_94' title='bbox 983 1018 1176 1066; x_wconf 88' lang='lat' dir='ltr'><strong>possunt.</strong></span> <span class='ocrx_word' id='word_1_95' title='bbox 1209 1012 1415 1066; x_wconf 79' lang='lat' dir='ltr'><strong>quoniam</strong></span> <span class='ocrx_word' id='word_1_96' title='bbox 1450 1014 1643 1054; x_wconf 89' lang='lat' dir='ltr'><strong>calamus</strong></span> 
     </span>
     <span class='ocr_line' id='line_1_13' title="bbox 167 1079 1642 1133; baseline 0.002 -14"><span class='ocrx_word' id='word_1_97' title='bbox 167 1080 378 1121; x_wconf 85' lang='lat' dir='ltr'><strong>velociter</strong></span> <span class='ocrx_word' id='word_1_98' title='bbox 398 1079 629 1120; x_wconf 82' lang='lat' dir='ltr'><strong>scribentis</strong></span> <span class='ocrx_word' id='word_1_99' title='bbox 646 1092 805 1133; x_wconf 87' lang='lat' dir='ltr'><strong>parum</strong></span> <span class='ocrx_word' id='word_1_100' title='bbox 826 1086 964 1125; x_wconf 87' lang='lat' dir='ltr'><strong>curat,</strong></span> <span class='ocrx_word' id='word_1_101' title='bbox 981 1093 1111 1133; x_wconf 91' lang='lat' dir='ltr'><strong>quem</strong></span> <span class='ocrx_word' id='word_1_102' title='bbox 1130 1080 1276 1120; x_wconf 93' lang='lat' dir='ltr'><strong>locum</strong></span> <span class='ocrx_word' id='word_1_103' title='bbox 1296 1080 1464 1122; x_wconf 88' lang='lat' dir='ltr'><strong>medius</strong></span> <span class='ocrx_word' id='word_1_104' title='bbox 1479 1081 1642 1127; x_wconf 90' lang='lat' dir='ltr'><strong>ductus,</strong></span> 
     </span>
     <span class='ocr_line' id='line_1_14' title="bbox 169 1147 1351 1202; baseline 0.001 -14"><span class='ocrx_word' id='word_1_105' title='bbox 169 1160 402 1194; x_wconf 73' lang='lat' dir='ltr'><strong>nummum,</strong></span> <span class='ocrx_word' id='word_1_106' title='bbox 423 1153 471 1188; x_wconf 94' lang='lat' dir='ltr'><strong>ut</strong></span> <span class='ocrx_word' id='word_1_107' title='bbox 490 1147 624 1194; x_wconf 88' lang='lat' dir='ltr'><strong>decet,</strong></span> <span class='ocrx_word' id='word_1_108' title='bbox 646 1160 702 1188; x_wconf 88' lang='lat' dir='ltr'><strong>an</strong></span> <span class='ocrx_word' id='word_1_109' title='bbox 721 1147 852 1201; x_wconf 87' lang='lat' dir='ltr'><strong>paulo</strong></span> <span class='ocrx_word' id='word_1_110' title='bbox 872 1147 1137 1194; x_wconf 86' lang='lat' dir='ltr'><strong>inferiorem,</strong></span> <span class='ocrx_word' id='word_1_111' title='bbox 1158 1155 1351 1202; x_wconf 89' lang='lat' dir='ltr'><strong>occupet.</strong></span> 
     </span>
    </p>

    <p class='ocr_par' dir='ltr' id='par_1_4' title="bbox 169 1215 1644 1473">
     <span class='ocr_line' id='line_1_15' title="bbox 228 1215 1644 1274; baseline 0.001 -16"><span class='ocrx_word' id='word_1_112' title='bbox 228 1215 455 1258; x_wconf 88' lang='lat' dir='ltr'><strong>Interdum</strong></span> <span class='ocrx_word' id='word_1_113' title='bbox 482 1218 702 1272; x_wconf 86' lang='lat' dir='ltr'><strong>posterior</strong></span> <span class='ocrx_word' id='word_1_114' title='bbox 732 1218 884 1258; x_wconf 89' lang='lat' dir='ltr'><strong>ductus</strong></span> <span class='ocrx_word' id='word_1_115' title='bbox 915 1217 1072 1274; x_wconf 87' lang='lat' dir='ltr'><strong>figurae</strong></span> <span class='ocrx_word' id='word_1_116' title='bbox 1099 1222 1138 1259; x_wconf 92' lang='lat' dir='ltr'>H</span> <span class='ocrx_word' id='word_1_117' title='bbox 1168 1232 1256 1258; x_wconf 93' lang='lat' dir='ltr'><strong>non</strong></span> <span class='ocrx_word' id='word_1_118' title='bbox 1288 1215 1411 1259; x_wconf 70' lang='lat' dir='ltr'><strong>recta</strong></span> <span class='ocrx_word' id='word_1_119' title='bbox 1442 1220 1644 1274; x_wconf 86' lang='lat' dir='ltr'><strong>pingitur</strong></span> 
     </span>
     <span class='ocr_line' id='line_1_16' title="bbox 169 1279 1642 1339; baseline 0 -13"><span class='ocrx_word' id='word_1_120' title='bbox 169 1297 221 1326; x_wconf 82' lang='lat' dir='ltr'><strong>ac</strong></span> <span class='ocrx_word' id='word_1_121' title='bbox 246 1279 536 1339; x_wconf 82' lang='grc' dir='ltr'>παραλλήλως</span> <span class='ocrx_word' id='word_1_122' title='bbox 556 1285 707 1339; x_wconf 87' lang='lat' dir='ltr'><strong>priori,</strong></span> <span class='ocrx_word' id='word_1_123' title='bbox 727 1285 803 1326; x_wconf 91' lang='lat' dir='ltr'><strong>sed</strong></span> <span class='ocrx_word' id='word_1_124' title='bbox 824 1284 897 1332; x_wconf 88' lang='lat' dir='ltr'><strong>sic,</strong></span> <span class='ocrx_word' id='word_1_125' title='bbox 917 1292 967 1326; x_wconf 91' lang='lat' dir='ltr'><strong>ut</strong></span> <span class='ocrx_word' id='word_1_126' title='bbox 991 1286 1038 1326; x_wconf 92' lang='lat' dir='ltr'><strong>in</strong></span> <span class='ocrx_word' id='word_1_127' title='bbox 1059 1285 1239 1326; x_wconf 85' lang='lat' dir='ltr'><strong>vocibus</strong></span> <span class='ocrx_word' id='word_1_128' title='bbox 1265 1283 1375 1339; x_wconf 79' lang='grc' dir='ltr'><em>δῆλα</em></span> <span class='ocrx_word' id='word_1_129' title='bbox 1406 1293 1449 1327; x_wconf 90' lang='lat' dir='ltr'><strong>et</strong></span> <span class='ocrx_word' id='word_1_130' title='bbox 1478 1285 1642 1339; x_wconf 82' lang='grc' dir='ltr'><em>ἐκείνης.</em></span> 
     </span>
     <span class='ocr_line' id='line_1_17' title="bbox 169 1349 1643 1409; baseline 0.002 -17"><span class='ocrx_word' id='word_1_131' title='bbox 169 1349 220 1393; x_wconf 89' lang='lat' dir='ltr'><strong>Id</strong></span> <span class='ocrx_word' id='word_1_132' title='bbox 237 1350 314 1392; x_wconf 89' lang='lat' dir='ltr'><strong>ubi</strong></span> <span class='ocrx_word' id='word_1_133' title='bbox 331 1351 499 1392; x_wconf 83' lang='lat' dir='ltr'><strong>factum</strong></span> <span class='ocrx_word' id='word_1_134' title='bbox 519 1358 642 1399; x_wconf 88' lang='lat' dir='ltr'><strong>esset,</strong></span> <span class='ocrx_word' id='word_1_135' title='bbox 664 1365 779 1406; x_wconf 89' lang='lat' dir='ltr'><strong>saepe</strong></span> <span class='ocrx_word' id='word_1_136' title='bbox 801 1354 855 1393; x_wconf 92' lang='lat' dir='ltr'><strong>IC</strong></span> <span class='ocrx_word' id='word_1_137' title='bbox 875 1350 950 1407; x_wconf 74' lang='grc' dir='ltr'><strong>(ῖς)</strong></span> <span class='ocrx_word' id='word_1_138' title='bbox 970 1366 1051 1408; x_wconf 92' lang='lat' dir='ltr'><strong>pro</strong></span> <span class='ocrx_word' id='word_1_139' title='bbox 1074 1357 1112 1394; x_wconf 93' lang='lat' dir='ltr'>H</span> <span class='ocrx_word' id='word_1_140' title='bbox 1135 1353 1355 1409; x_wconf 90' lang='lat' dir='ltr'><strong>legerunt.</strong></span> <span class='ocrx_word' id='word_1_141' title='bbox 1415 1352 1518 1395; x_wconf 92' lang='lat' dir='ltr'><strong>Ideo</strong></span> <span class='ocrx_word' id='word_1_142' title='bbox 1540 1368 1643 1395; x_wconf 90' lang='lat' dir='ltr'><strong>con-</strong></span> 
     </span>
     <span class='ocr_line' id='line_1_18' title="bbox 170 1418 966 1473; baseline 0.001 -13"><span class='ocrx_word' id='word_1_143' title='bbox 170 1418 269 1461; x_wconf 84' lang='lat' dir='ltr'><strong>fusa</strong></span> <span class='ocrx_word' id='word_1_144' title='bbox 288 1425 392 1460; x_wconf 88' lang='lat' dir='ltr'><strong>sunt</strong></span> <span class='ocrx_word' id='word_1_145' title='bbox 411 1419 592 1460; x_wconf 87' lang='lat' dir='ltr'><strong>nomina</strong></span> <span class='ocrx_word' id='word_1_146' title='bbox 609 1420 655 1460; x_wconf 91' lang='lat' dir='ltr'><strong>in</strong></span> <span class='ocrx_word' id='word_1_147' title='bbox 677 1418 763 1473; x_wconf 78' lang='grc' dir='ltr'>ημ-οι</span> <span class='ocrx_word' id='word_1_148' title='bbox 785 1427 829 1461; x_wconf 91' lang='lat' dir='ltr'><strong>et</strong></span> <span class='ocrx_word' id='word_1_149' title='bbox 850 1421 966 1473; x_wconf 62' lang='grc' dir='ltr'><strong><em>ισ-μᾶ.</em></strong></span> 
     </span>
    </p>

    <p class='ocr_par' dir='ltr' id='par_1_5' title="bbox 170 1485 1643 1681">
     <span class='ocr_line' id='line_1_19' title="bbox 229 1485 1643 1545; baseline 0.004 -19"><span class='ocrx_word' id='word_1_150' title='bbox 229 1485 319 1527; x_wconf 80' lang='lat' dir='ltr'><strong>Eta</strong></span> <span class='ocrx_word' id='word_1_151' title='bbox 337 1486 572 1527; x_wconf 86' lang='lat' dir='ltr'><strong>minusculi</strong></span> <span class='ocrx_word' id='word_1_152' title='bbox 592 1487 822 1542; x_wconf 81' lang='lat' dir='ltr'><strong>alphabeti,</strong></span> <span class='ocrx_word' id='word_1_153' title='bbox 845 1488 915 1529; x_wconf 90' lang='lat' dir='ltr'><strong>cui</strong></span> <span class='ocrx_word' id='word_1_154' title='bbox 933 1490 1018 1530; x_wconf 93' lang='lat' dir='ltr'><strong>duo</strong></span> <span class='ocrx_word' id='word_1_155' title='bbox 1039 1495 1139 1530; x_wconf 89' lang='lat' dir='ltr'><strong>sunt</strong></span> <span class='ocrx_word' id='word_1_156' title='bbox 1154 1496 1317 1544; x_wconf 88' lang='lat' dir='ltr'><strong>puncta</strong></span> <span class='ocrx_word' id='word_1_157' title='bbox 1334 1491 1643 1545; x_wconf 87' lang='lat' dir='ltr'><strong>superscripta,</strong></span> 
     </span>
     <span class='ocr_line' id='line_1_20' title="bbox 170 1554 1642 1609; baseline 0.003 -14"><span class='ocrx_word' id='word_1_158' title='bbox 170 1555 218 1596; x_wconf 91' lang='lat' dir='ltr'><strong>in</strong></span> <span class='ocrx_word' id='word_1_159' title='bbox 247 1554 506 1609; x_wconf 75' lang='lat' dir='ltr'><strong>quibusdam</strong></span> <span class='ocrx_word' id='word_1_160' title='bbox 529 1554 759 1604; x_wconf 88' lang='lat' dir='ltr'><strong>codicibus,</strong></span> <span class='ocrx_word' id='word_1_161' title='bbox 780 1571 816 1598; x_wconf 92' lang='lat' dir='ltr'><strong>e.</strong></span> <span class='ocrx_word' id='word_1_162' title='bbox 832 1571 868 1597; x_wconf 92' lang='lat' dir='ltr'><strong>c.</strong></span> <span class='ocrx_word' id='word_1_163' title='bbox 888 1557 932 1598; x_wconf 91' lang='lat' dir='ltr'><strong>in</strong></span> <span class='ocrx_word' id='word_1_164' title='bbox 953 1556 1056 1598; x_wconf 89' lang='lat' dir='ltr'><strong>Cod.</strong></span> <span class='ocrx_word' id='word_1_165' title='bbox 1076 1557 1212 1599; x_wconf 87' lang='lat' dir='ltr'><strong>Paris.</strong></span> <span class='ocrx_word' id='word_1_166' title='bbox 1241 1563 1360 1606; x_wconf 71' lang='lat'><strong>1741,</strong></span> <span class='ocrx_word' id='word_1_167' title='bbox 1381 1558 1542 1600; x_wconf 90' lang='lat' dir='ltr'><strong>indicio</strong></span> <span class='ocrx_word' id='word_1_168' title='bbox 1565 1567 1642 1606; x_wconf 88' lang='lat' dir='ltr'><strong>est,</strong></span> 
     </span>
     <span class='ocr_line' id='line_1_21' title="bbox 170 1622 1489 1681; baseline 0.003 -18"><span class='ocrx_word' id='word_1_169' title='bbox 170 1635 253 1678; x_wconf 89' lang='lat' dir='ltr'><strong>pro</strong></span> <span class='ocrx_word' id='word_1_170' title='bbox 274 1622 406 1680; x_wconf 64' lang='lat' dir='ltr'><strong>Jllegi</strong></span> <span class='ocrx_word' id='word_1_171' title='bbox 427 1630 634 1678; x_wconf 89' lang='lat' dir='ltr'><strong>oportere</strong></span> <span class='ocrx_word' id='word_1_172' title='bbox 648 1629 682 1664; x_wconf 80' lang='grc' dir='ltr'><strong>ἲ.</strong></span> <span class='ocrx_word' id='word_1_173' title='bbox 744 1638 784 1666; x_wconf 78' lang='lat' dir='ltr'><strong>v„</strong></span> <span class='ocrx_word' id='word_1_174' title='bbox 806 1623 1001 1673; x_wconf 79' lang='grc' dir='ltr'><em>Οἰδιπους</em></span> <span class='ocrx_word' id='word_1_175' title='bbox 1020 1639 1074 1667; x_wconf 86' lang='lat' dir='ltr'><strong>ex</strong></span> <span class='ocrx_word' id='word_1_176' title='bbox 1095 1625 1281 1681; x_wconf 85' lang='lat' dir='ltr'><strong>Etymol.</strong></span> <span class='ocrx_word' id='word_1_177' title='bbox 1305 1627 1489 1668; x_wconf 87' lang='lat' dir='ltr'><strong>Sorbon.</strong></span> 
     </span>
    </p>

    <p class='ocr_par' dir='ltr' id='par_1_6' title="bbox 166 1690 1645 2008">
     <span class='ocr_line' id='line_1_22' title="bbox 230 1690 1644 1748; baseline 0.003 -16"><span class='ocrx_word' id='word_1_178' title='bbox 230 1690 319 1733; x_wconf 67' lang='lat' dir='ltr'><strong>Eia</strong></span> <span class='ocrx_word' id='word_1_179' title='bbox 344 1690 390 1732; x_wconf 87' lang='lat' dir='ltr'><strong>in</strong></span> <span class='ocrx_word' id='word_1_180' title='bbox 419 1690 635 1746; x_wconf 64' lang='lat' dir='ltr'><strong>scriptura</strong></span> <span class='ocrx_word' id='word_1_181' title='bbox 666 1693 826 1734; x_wconf 90' lang='lat' dir='ltr'><strong>codicis</strong></span> <span class='ocrx_word' id='word_1_182' title='bbox 850 1693 987 1735; x_wconf 83' lang='lat' dir='ltr'><strong>Palat.</strong></span> <span class='ocrx_word' id='word_1_183' title='bbox 1015 1700 1122 1740; x_wconf 72' lang='lat'><strong>398„</strong></span> <span class='ocrx_word' id='word_1_184' title='bbox 1147 1693 1413 1748; x_wconf 90' lang='lat' dir='ltr'><strong>omninoque</strong></span> <span class='ocrx_word' id='word_1_185' title='bbox 1443 1695 1644 1736; x_wconf 90' lang='lat' dir='ltr'><strong>codicum</strong></span> 
     </span>
     <span class='ocr_line' id='line_1_23' title="bbox 171 1758 1645 1819; baseline 0.002 -19"><span class='ocrx_word' id='word_1_186' title='bbox 171 1758 308 1803; x_wconf 82' lang='lat' dir='ltr'><strong>seculi</strong></span> <span class='ocrx_word' id='word_1_187' title='bbox 335 1759 451 1808; x_wconf 88' lang='lat' dir='ltr'><strong>noni,</strong></span> <span class='ocrx_word' id='word_1_188' title='bbox 473 1760 642 1809; x_wconf 89' lang='lat' dir='ltr'><strong>decimi,</strong></span> <span class='ocrx_word' id='word_1_189' title='bbox 662 1762 894 1810; x_wconf 87' lang='lat' dir='ltr'><strong>undecimi,</strong></span> <span class='ocrx_word' id='word_1_190' title='bbox 914 1763 997 1803; x_wconf 89' lang='lat' dir='ltr'><strong>etsi</strong></span> <span class='ocrx_word' id='word_1_191' title='bbox 1026 1762 1167 1803; x_wconf 85' lang='lat' dir='ltr'><strong>differt</strong></span> <span class='ocrx_word' id='word_1_192' title='bbox 1196 1776 1223 1803; x_wconf 87' lang='lat' dir='ltr'><strong>a</strong></span> <span class='ocrx_word' id='word_1_193' title='bbox 1248 1760 1378 1803; x_wconf 69' lang='lat' dir='ltr'><strong>litera</strong></span> <span class='ocrx_word' id='word_1_194' title='bbox 1400 1763 1575 1819; x_wconf 78' lang='lat' dir='ltr'><strong>Kappo,</strong></span> <span class='ocrx_word' id='word_1_195' title='bbox 1601 1763 1645 1803; x_wconf 93' lang='lat' dir='ltr'><strong>id</strong></span> 
     </span>
     <span class='ocr_line' id='line_1_24' title="bbox 167 1828 1644 1886; baseline 0.003 -18"><span class='ocrx_word' id='word_1_196' title='bbox 167 1828 285 1882; x_wconf 92' lang='lat' dir='ltr'><strong>quod</strong></span> <span class='ocrx_word' id='word_1_197' title='bbox 308 1828 448 1870; x_wconf 90' lang='lat' dir='ltr'><strong>lector</strong></span> <span class='ocrx_word' id='word_1_198' title='bbox 476 1835 648 1870; x_wconf 85' lang='lat' dir='ltr'><strong>attente</strong></span> <span class='ocrx_word' id='word_1_199' title='bbox 679 1829 914 1885; x_wconf 88' lang='lat' dir='ltr'><strong>inspiciens</strong></span> <span class='ocrx_word' id='word_1_200' title='bbox 942 1831 1142 1886; x_wconf 84' lang='lat' dir='ltr'><strong>exempla</strong></span> <span class='ocrx_word' id='word_1_201' title='bbox 1174 1828 1244 1873; x_wconf 80' lang='grc' dir='ltr'><strong>καὶ</strong></span> <span class='ocrx_word' id='word_1_202' title='bbox 1273 1830 1310 1884; x_wconf 84' lang='grc' dir='ltr'><strong>ἡ,</strong></span> <span class='ocrx_word' id='word_1_203' title='bbox 1337 1828 1505 1885; x_wconf 82' lang='grc' dir='ltr'>ᾤκηται,</span> <span class='ocrx_word' id='word_1_204' title='bbox 1532 1836 1644 1885; x_wconf 86' lang='grc' dir='ltr'>Κτη·</span> 
     </span>
     <span class='ocr_line' id='line_1_25' title="bbox 168 1893 1643 1956; baseline 0.003 -19"><span class='ocrx_word' id='word_1_205' title='bbox 168 1893 342 1949; x_wconf 79' lang='grc' dir='ltr'>σύλλης,</span> <span class='ocrx_word' id='word_1_206' title='bbox 363 1897 489 1938; x_wconf 88' lang='lat' dir='ltr'><strong>facile</strong></span> <span class='ocrx_word' id='word_1_207' title='bbox 510 1897 754 1955; x_wconf 88' lang='lat' dir='ltr'><strong>intelligat:</strong></span> <span class='ocrx_word' id='word_1_208' title='bbox 786 1906 939 1941; x_wconf 86' lang='lat' dir='ltr'><strong>tamen</strong></span> <span class='ocrx_word' id='word_1_209' title='bbox 958 1914 1048 1941; x_wconf 92' lang='lat' dir='ltr'><strong>non</strong></span> <span class='ocrx_word' id='word_1_210' title='bbox 1069 1900 1233 1956; x_wconf 84' lang='lat' dir='ltr'><strong>exigua</strong></span> <span class='ocrx_word' id='word_1_211' title='bbox 1254 1899 1368 1941; x_wconf 81' lang='lat' dir='ltr'><strong>inter</strong></span> <span class='ocrx_word' id='word_1_212' title='bbox 1390 1900 1470 1941; x_wconf 84' lang='lat' dir='ltr'><strong>has</strong></span> <span class='ocrx_word' id='word_1_213' title='bbox 1491 1900 1643 1941; x_wconf 86' lang='lat' dir='ltr'><strong>literas</strong></span> 
     </span>
     <span class='ocr_line' id='line_1_26' title="bbox 166 1962 672 2008; baseline 0.006 -3"><span class='ocrx_word' id='word_1_214' title='bbox 166 1962 400 2006; x_wconf 84' lang='lat' dir='ltr'><strong>intercedit</strong></span> <span class='ocrx_word' id='word_1_215' title='bbox 422 1966 672 2008; x_wconf 77' lang='lat' dir='ltr'><strong>similitudo.</strong></span> 
     </span>
    </p>

    <p class='ocr_par' dir='ltr' id='par_1_7' title="bbox 168 2030 1646 2292">
     <span class='ocr_line' id='line_1_27' title="bbox 229 2030 1646 2093; baseline 0.004 -19"><span class='ocrx_word' id='word_1_216' title='bbox 229 2031 297 2074; x_wconf 90' lang='lat' dir='ltr'><strong>De</strong></span> <span class='ocrx_word' id='word_1_217' title='bbox 336 2033 555 2089; x_wconf 91' lang='lat' dir='ltr'><strong>frequenti</strong></span> <span class='ocrx_word' id='word_1_218' title='bbox 594 2037 935 2079; x_wconf 86' lang='lat' dir='ltr'><strong>commutatione</strong></span> <span class='ocrx_word' id='word_1_219' title='bbox 974 2038 1287 2093; x_wconf 82' lang='lat' dir='ltr'><strong>particularum</strong></span> <span class='ocrx_word' id='word_1_220' title='bbox 1321 2030 1358 2091; x_wconf 88' lang='grc' dir='ltr'><strong>ἢ,</strong></span> <span class='ocrx_word' id='word_1_221' title='bbox 1393 2034 1476 2086; x_wconf 79' lang='grc' dir='ltr'><em>καὶ,</em></span> <span class='ocrx_word' id='word_1_222' title='bbox 1510 2044 1555 2078; x_wconf 91' lang='lat' dir='ltr'><strong>et</strong></span> <span class='ocrx_word' id='word_1_223' title='bbox 1590 2037 1646 2085; x_wconf 85' lang='grc' dir='ltr'><strong>ὡς</strong></span> 
     </span>
     <span class='ocr_line' id='line_1_28' title="bbox 168 2102 1642 2161; baseline 0.003 -19"><span class='ocrx_word' id='word_1_224' title='bbox 168 2114 305 2158; x_wconf 83' lang='lat' dir='ltr'><strong>agam</strong></span> <span class='ocrx_word' id='word_1_225' title='bbox 346 2102 464 2144; x_wconf 83' lang='lat' dir='ltr'><strong>infra</strong></span> <span class='ocrx_word' id='word_1_226' title='bbox 505 2117 538 2144; x_wconf 90' lang='lat' dir='ltr'><strong>s.</strong></span> <span class='ocrx_word' id='word_1_227' title='bbox 573 2118 681 2145; x_wconf 89' lang='lat' dir='ltr'><strong>voce</strong></span> <span class='ocrx_word' id='word_1_228' title='bbox 721 2102 791 2147; x_wconf 79' lang='grc' dir='ltr'><strong>καὶ</strong></span> <span class='ocrx_word' id='word_1_229' title='bbox 828 2112 873 2147; x_wconf 90' lang='lat' dir='ltr'><strong>et</strong></span> <span class='ocrx_word' id='word_1_230' title='bbox 918 2105 1088 2161; x_wconf 72' lang='lat' dir='ltr'><strong>syllaba</strong></span> <span class='ocrx_word' id='word_1_231' title='bbox 1132 2110 1197 2154; x_wconf 75' lang='grc' dir='ltr'><strong>ὣς.</strong></span> <span class='ocrx_word' id='word_1_232' title='bbox 1278 2106 1390 2148; x_wconf 91' lang='lat' dir='ltr'><strong>Vide</strong></span> <span class='ocrx_word' id='word_1_233' title='bbox 1434 2105 1565 2147; x_wconf 89' lang='lat' dir='ltr'><strong>etiam</strong></span> <span class='ocrx_word' id='word_1_234' title='bbox 1609 2119 1642 2146; x_wconf 83' lang='lat' dir='ltr'><strong>s.</strong></span> 
     </span>
     <span class='ocr_line' id='line_1_29' title="bbox 169 2169 1643 2227; baseline 0.002 -17"><span class='ocrx_word' id='word_1_235' title='bbox 169 2169 268 2224; x_wconf 81' lang='lat' dir='ltr'><strong>syll.</strong></span> <span class='ocrx_word' id='word_1_236' title='bbox 295 2169 340 2211; x_wconf 72' lang='grc' dir='ltr'><strong>ἵν</strong></span> <span class='ocrx_word' id='word_1_237' title='bbox 369 2170 659 2213; x_wconf 89' lang='lat' dir='ltr'><strong>recentiorem</strong></span> <span class='ocrx_word' id='word_1_238' title='bbox 701 2172 892 2214; x_wconf 85' lang='lat' dir='ltr'><strong>formam</strong></span> <span class='ocrx_word' id='word_1_239' title='bbox 929 2174 1070 2215; x_wconf 88' lang='lat' dir='ltr'><strong>literae</strong></span> <span class='ocrx_word' id='word_1_240' title='bbox 1103 2174 1204 2221; x_wconf 76' lang='lat' dir='ltr'><strong>Eea,</strong></span> <span class='ocrx_word' id='word_1_241' title='bbox 1240 2187 1338 2227; x_wconf 87' lang='lat' dir='ltr'><strong>quae</strong></span> <span class='ocrx_word' id='word_1_242' title='bbox 1378 2172 1532 2214; x_wconf 88' lang='lat' dir='ltr'><strong>similis</strong></span> <span class='ocrx_word' id='word_1_243' title='bbox 1573 2179 1643 2213; x_wconf 88' lang='lat' dir='ltr'><strong>est</strong></span> 
     </span>
     <span class='ocr_line' id='line_1_30' title="bbox 168 2237 427 2292; baseline 0.008 -15"><span class='ocrx_word' id='word_1_244' title='bbox 168 2237 353 2292; x_wconf 77' lang='lat' dir='ltr'><strong>syllabae</strong></span> <span class='ocrx_word' id='word_1_245' title='bbox 373 2238 427 2279; x_wconf 61' lang='grc' dir='ltr'><strong>ᾗ.</strong></span> 
     </span>
    </p>

    <p class='ocr_par' dir='ltr' id='par_1_8' title="bbox 166 2304 1644 2431">
     <span class='ocr_line' id='line_1_31' title="bbox 228 2304 1644 2365; baseline 0.003 -19"><span class='ocrx_word' id='word_1_246' title='bbox 228 2306 317 2347; x_wconf 84' lang='lat' dir='ltr'><strong>Eta</strong></span> <span class='ocrx_word' id='word_1_247' title='bbox 341 2306 506 2360; x_wconf 84' lang='lat' dir='ltr'><strong>passim</strong></span> <span class='ocrx_word' id='word_1_248' title='bbox 531 2309 698 2350; x_wconf 88' lang='lat' dir='ltr'><strong>referre</strong></span> <span class='ocrx_word' id='word_1_249' title='bbox 722 2309 898 2351; x_wconf 86' lang='lat' dir='ltr'><strong>literam</strong></span> <span class='ocrx_word' id='word_1_250' title='bbox 917 2311 1026 2359; x_wconf 76' lang='lat' dir='ltr'><strong>Rho,</strong></span> <span class='ocrx_word' id='word_1_251' title='bbox 1046 2310 1214 2365; x_wconf 85' lang='lat' dir='ltr'><strong>passim</strong></span> <span class='ocrx_word' id='word_1_252' title='bbox 1245 2309 1565 2365; x_wconf 88' lang='lat' dir='ltr'><strong>diphthongum</strong></span> <span class='ocrx_word' id='word_1_253' title='bbox 1586 2304 1644 2355; x_wconf 66' lang='lat' dir='ltr'><strong>Est,</strong></span> 
     </span>
     <span class='ocr_line' id='line_1_32' title="bbox 166 2374 876 2431; baseline 0.01 -18"><span class='ocrx_word' id='word_1_254' title='bbox 166 2374 355 2415; x_wconf 92' lang='lat' dir='ltr'><strong>monebo</strong></span> <span class='ocrx_word' id='word_1_255' title='bbox 374 2374 492 2416; x_wconf 89' lang='lat' dir='ltr'><strong>infra</strong></span> <span class='ocrx_word' id='word_1_256' title='bbox 512 2390 544 2416; x_wconf 92' lang='lat' dir='ltr'><strong>s.</strong></span> <span class='ocrx_word' id='word_1_257' title='bbox 565 2377 661 2431; x_wconf 89' lang='lat' dir='ltr'><strong>syll.</strong></span> <span class='ocrx_word' id='word_1_258' title='bbox 683 2378 727 2419; x_wconf 80' lang='grc' dir='ltr'><strong>οῖι</strong></span> <span class='ocrx_word' id='word_1_259' title='bbox 759 2378 818 2419; x_wconf 91' lang='lat' dir='ltr'><strong>lit.</strong></span> <span class='ocrx_word' id='word_1_260' title='bbox 838 2378 876 2419; x_wconf 92' lang='lat' dir='ltr'><strong>b.</strong></span> 
     </span>
    </p>
   </div>
   <div class='ocr_carea' id='block_1_3' title="bbox 166 2436 1641 2565">
    <p class='ocr_par' dir='ltr' id='par_1_9' title="bbox 166 2436 1641 2565">
     <span class='ocr_line' id='line_1_33' title="bbox 225 2436 1641 2499; baseline 0.002 -18"><span class='ocrx_word' id='word_1_261' title='bbox 225 2438 347 2482; x_wconf 91' lang='lat' dir='ltr'><strong>Idem</strong></span> <span class='ocrx_word' id='word_1_262' title='bbox 371 2445 718 2499; x_wconf 88' lang='lat' dir='ltr'><strong>superscriptum</strong></span> <span class='ocrx_word' id='word_1_263' title='bbox 742 2447 964 2487; x_wconf 85' lang='lat' dir='ltr'><strong>interdum</strong></span> <span class='ocrx_word' id='word_1_264' title='bbox 985 2461 1074 2488; x_wconf 90' lang='lat' dir='ltr'><strong>non</strong></span> <span class='ocrx_word' id='word_1_265' title='bbox 1096 2447 1240 2488; x_wconf 84' lang='lat' dir='ltr'><strong>differt</strong></span> <span class='ocrx_word' id='word_1_266' title='bbox 1260 2447 1314 2487; x_wconf 86' lang='lat' dir='ltr'><strong>ab</strong></span> <span class='ocrx_word' id='word_1_267' title='bbox 1338 2436 1398 2497; x_wconf 67' lang='grc' dir='ltr'><strong>ἦξ.</strong></span> <span class='ocrx_word' id='word_1_268' title='bbox 1460 2459 1501 2484; x_wconf 89' lang='lat' dir='ltr'><strong>v.</strong></span> <span class='ocrx_word' id='word_1_269' title='bbox 1524 2443 1641 2485; x_wconf 82' lang='lat' dir='ltr'><strong>infra</strong></span> 
     </span>
     <span class='ocr_line' id='line_1_34' title="bbox 166 2509 528 2565; baseline 0.011 -15"><span class='ocrx_word' id='word_1_270' title='bbox 166 2509 281 2551; x_wconf 84' lang='lat' dir='ltr'><strong>hanc</strong></span> <span class='ocrx_word' id='word_1_271' title='bbox 301 2510 528 2565; x_wconf 86' lang='lat' dir='ltr'><strong>syllabam.</strong></span> 
     </span>
    </p>
   </div>
   <div class='ocr_carea' id='block_1_4' title="bbox 165 2644 1641 2908">
    <p class='ocr_par' dir='ltr' id='par_1_10' title="bbox 165 2644 1641 2908">
     <span class='ocr_line' id='line_1_35' title="bbox 225 2644 1641 2704; baseline 0.001 -18"><span class='ocrx_word' id='word_1_272' title='bbox 225 2644 568 2689; x_wconf 59' lang='lat' dir='ltr'><strong>Phela—Themi</strong></span> <span class='ocrx_word' id='word_1_273' title='bbox 600 2656 645 2690; x_wconf 93' lang='lat' dir='ltr'><strong>et</strong></span> <span class='ocrx_word' id='word_1_274' title='bbox 679 2649 873 2692; x_wconf 77' lang='lat' dir='ltr'><strong>omicron</strong></span> <span class='ocrx_word' id='word_1_275' title='bbox 904 2658 1172 2693; x_wconf 88' lang='lat' dir='ltr'><strong>commutata</strong></span> <span class='ocrx_word' id='word_1_276' title='bbox 1204 2651 1252 2692; x_wconf 93' lang='lat' dir='ltr'><strong>in</strong></span> <span class='ocrx_word' id='word_1_277' title='bbox 1284 2650 1515 2704; x_wconf 87' lang='lat' dir='ltr'><strong>alphabeto</strong></span> <span class='ocrx_word' id='word_1_278' title='bbox 1546 2654 1641 2688; x_wconf 88' lang='lat' dir='ltr'><strong>tam</strong></span> 
     </span>
     <span class='ocr_line' id='line_1_36' title="bbox 165 2713 1639 2771; baseline 0.003 -17"><span class='ocrx_word' id='word_1_279' title='bbox 165 2713 410 2756; x_wconf 85' lang='lat' dir='ltr'><strong>minusculo</strong></span> <span class='ocrx_word' id='word_1_280' title='bbox 431 2729 562 2769; x_wconf 87' lang='lat' dir='ltr'><strong>quam</strong></span> <span class='ocrx_word' id='word_1_281' title='bbox 581 2719 751 2760; x_wconf 86' lang='lat' dir='ltr'><strong>unciali.</strong></span> <span class='ocrx_word' id='word_1_282' title='bbox 814 2718 865 2760; x_wconf 92' lang='lat' dir='ltr'><strong>In</strong></span> <span class='ocrx_word' id='word_1_283' title='bbox 884 2718 1127 2762; x_wconf 66' lang='lat' dir='ltr'><strong>minuscula</strong></span> <span class='ocrx_word' id='word_1_284' title='bbox 1144 2721 1262 2760; x_wconf 91' lang='lat' dir='ltr'><strong>enim</strong></span> <span class='ocrx_word' id='word_1_285' title='bbox 1283 2714 1501 2771; x_wconf 66' lang='lat' dir='ltr'><strong>scriptura</strong></span> <span class='ocrx_word' id='word_1_286' title='bbox 1524 2716 1639 2758; x_wconf 85' lang='lat' dir='ltr'><strong>Omi-</strong></span> 
     </span>
     <span class='ocr_line' id='line_1_37' title="bbox 165 2784 1638 2841; baseline 0.002 -19"><span class='ocrx_word' id='word_1_287' title='bbox 165 2796 262 2823; x_wconf 78' lang='lat' dir='ltr'><strong>cron</strong></span> <span class='ocrx_word' id='word_1_288' title='bbox 286 2795 377 2823; x_wconf 90' lang='lat' dir='ltr'><strong>non</strong></span> <span class='ocrx_word' id='word_1_289' title='bbox 403 2796 576 2838; x_wconf 87' lang='lat' dir='ltr'><strong>semper</strong></span> <span class='ocrx_word' id='word_1_290' title='bbox 601 2785 805 2828; x_wconf 86' lang='lat' dir='ltr'><strong>circulari</strong></span> <span class='ocrx_word' id='word_1_291' title='bbox 832 2786 961 2835; x_wconf 87' lang='lat' dir='ltr'><strong>flexu,</strong></span> <span class='ocrx_word' id='word_1_292' title='bbox 987 2788 1064 2828; x_wconf 90' lang='lat' dir='ltr'><strong>sed</strong></span> <span class='ocrx_word' id='word_1_293' title='bbox 1088 2786 1312 2827; x_wconf 89' lang='lat' dir='ltr'><strong>interdum</strong></span> <span class='ocrx_word' id='word_1_294' title='bbox 1340 2786 1401 2825; x_wconf 85' lang='lat' dir='ltr'><strong>sie</strong></span> <span class='ocrx_word' id='word_1_295' title='bbox 1431 2784 1638 2841; x_wconf 85' lang='lat' dir='ltr'><strong>pingitur,</strong></span> 
     </span>
     <span class='ocr_line' id='line_1_38' title="bbox 165 2850 1636 2908; baseline 0.003 -18"><span class='ocrx_word' id='word_1_296' title='bbox 165 2855 214 2890; x_wconf 92' lang='lat' dir='ltr'><strong>ut</strong></span> <span class='ocrx_word' id='word_1_297' title='bbox 236 2850 366 2904; x_wconf 90' lang='lat' dir='ltr'><strong>plane</strong></span> <span class='ocrx_word' id='word_1_298' title='bbox 387 2852 550 2893; x_wconf 85' lang='lat' dir='ltr'><strong>referat</strong></span> <span class='ocrx_word' id='word_1_299' title='bbox 574 2853 748 2895; x_wconf 79' lang='lat' dir='ltr'><strong>literam</strong></span> <span class='ocrx_word' id='word_1_300' title='bbox 770 2856 804 2900; x_wconf 92' lang='grc' dir='ltr'><strong>θ,</strong></span> <span class='ocrx_word' id='word_1_301' title='bbox 826 2855 872 2895; x_wconf 90' lang='lat' dir='ltr'><strong>in</strong></span> <span class='ocrx_word' id='word_1_302' title='bbox 894 2852 977 2908; x_wconf 66' lang='lat' dir='ltr'><strong>qua</strong></span> <span class='ocrx_word' id='word_1_303' title='bbox 998 2854 1143 2895; x_wconf 88' lang='lat' dir='ltr'><strong>deficit</strong></span> <span class='ocrx_word' id='word_1_304' title='bbox 1164 2854 1319 2895; x_wconf 87' lang='lat' dir='ltr'><strong>ductus</strong></span> <span class='ocrx_word' id='word_1_305' title='bbox 1342 2861 1636 2895; x_wconf 73' lang='lat' dir='ltr'><strong>transversus,</strong></span> 
     </span>
    </p>
   </div>
  </div>
 </body>
</html>
