1976 3288
334 235 392 277 64·
789 247 994 276 M1scssLLAE
1025 247 1356 276 OBSERVA’rloNEs.

333 345 565 400 typotheta
584 344 745 385 vellem
775 343 978 390 dedisset,
1003 344 1118 397 quod
1150 344 1288 385 codex
1319 344 1463 392 habet,
1486 341 1556 387 καὶ
1586 343 1714 403 περζί
1736 378 1745 387 .
1768 377 1777 387 .
1799 378 1808 388 .

335 412 406 455 Ita
433 414 551 455 enim
572 414 733 454 clarius
754 419 997 468 appareret,
1021 412 1222 453 ultimam
1237 427 1394 454 vocem
1424 427 1519 455 esse
1551 415 1813 470 adjectivum

334 495 435 522 cum
455 478 547 536 περὶ
568 482 871 536 compositum.
933 479 1095 522 Nostri
1114 481 1253 521 moris
1275 495 1406 523 voces
1427 482 1473 523 in
1493 482 1580 523 fine
1602 495 1813 524 versuum

332 550 395 591 ita
424 549 658 591 dirimendi
677 550 723 590 in
743 555 893 605 partes
916 562 1019 591 suas
1039 555 1088 590 ut
1107 563 1198 591 una
1218 556 1293 591 aut
1313 550 1410 591 duae
1430 550 1618 599 lineolae,
1647 552 1814 594 indices

332 617 625 673 sejunctionis,
669 618 983 673 adpingantur,
1023 617 1146 658 nulla
1186 624 1426 659 occurrunt
1465 619 1656 675 vestigia
1697 619 1813 675 apud

332 685 537 727 librarios
558 692 769 728 vetustos,
831 685 882 726 In
900 684 1103 727 Choricio
1123 686 1332 741 legerunt
1352 683 1478 728 πάντι
1501 684 1639 742 (quod
1658 686 1814 730 Villoi-

332 768 464 795 sonus
490 755 682 796 mutavit
711 755 758 795 in
789 751 979 809 πάντως)
1009 768 1092 809 pro
1123 751 1234 797 πάνυ
1264 770 1314 800 τι,
1347 754 1463 807 quod
1485 754 1668 810 Upsilon,
1696 755 1813 796 forte

331 821 451 863 infra
468 822 634 864 lineam
658 823 895 878 delapsum,
917 836 1015 864 cum
1038 822 1084 863 in
1114 820 1210 877 ipsa
1239 820 1357 863 linea
1378 821 1591 877 scriptum
1621 836 1716 864 esse
1737 823 1812 864 de-

331 891 471 937 beret,
494 905 576 945 pro
597 890 728 948 signo
749 886 854 947 ὑφὲν
875 891 1105 932 haberent.
1166 905 1205 931 v.
1226 890 1363 946 Epist.
1385 904 1426 945 p.
1447 895 1540 932 116.

391 957 444 999 In
479 959 661 1000 vocibus
693 973 794 1002 suas
826 958 872 1000 in
909 965 1063 1015 partes
1095 958 1346 1001 dirimendis
1377 959 1586 1000 extremis
1615 959 1814 1000 versibus

333 1026 496 1068 vetusti
530 1027 701 1068 librarii
733 1026 836 1068 satis
866 1027 1106 1083 diligenter
1139 1028 1376 1068 observant
1404 1028 1612 1083 regulam
1639 1026 1687 1068 in
1716 1027 1813 1068 vul-

333 1108 417 1151 gus
448 1101 610 1142 notam,
629 1096 802 1150 quando
823 1109 954 1137 voces
974 1096 1054 1137 has
1083 1095 1159 1137 tali
1179 1102 1309 1150 pacto
1338 1096 1605 1153 sejungunt:
1647 1090 1811 1144 ἄλ·λος,

331 1161 537 1217 πράτ-τω,
583 1161 808 1219 ’γί-Ὑνεται,
853 1161 1033 1219 ὅ-Ὑδοος,
1072 1160 1233 1218 ‹Ji-mag,
1279 1162 1545 1212 δύσπεὲπτος,
1587 1161 1810 1221 ε’δεί-χθην,

331 1230 526 1288 πα-ρέχω
555 1233 664 1283 (non
684 1231 910 1290 παρ-ἔχω),
934 1230 1032 1288 ἀ-φ’
1048 1231 1239 1287 ἑσπέρας,
1260 1232 1375 1286 ,με-θ’
1391 1231 1561 1288 ἡμέραν,
1585 1229 1811 1286 ἐξα-νέατη

330 1306 409 1342 etc.

390 1367 477 1409 Sed
496 1369 685 1410 multum
705 1368 896 1416 fallatur,
918 1370 955 1409 si
976 1369 1072 1422 quis
1099 1369 1363 1410 hodiernum
1393 1383 1619 1415 canonem,
1640 1367 1702 1411 Ut
1724 1382 1811 1409 vox

332 1436 620 1491 componitur,
654 1437 719 1478 ita
749 1437 983 1484 divellitur,
1008 1437 1054 1477 in
1087 1436 1307 1478 codicibus
1335 1437 1496 1492 ubique
1529 1439 1811 1479 observatum

331 1510 480 1560 putet3
520 1506 689 1547 scilicet
722 1519 850 1546 voces
872 1503 1119 1560 προσάγειν,
1140 1503 1350 1559 συνήθεια,
1371 1504 1561 1558 δηλονότι
1586 1521 1621 1548 κ.
1636 1521 1673 1547 τ.
1687 1509 1727 1547 λ.
1748 1505 1810 1547 sic

332 1572 572 1628 diremptas
597 1574 767 1615 videas:
797 1571 1066 1629 προ-σάγειν,
1088 1569 1318 1627 συ-νῆθεια,
1341 1572 1563 1625 δηλο-νότι,
1585 1589 1621 1614 κ.
1633 1577 1724 1615 τ.λ.

389 1641 478 1684 Ubi
496 1641 542 1683 in
563 1642 666 1683 Cod.
690 1642 830 1684 Palat.
850 1647 944 1684 398.
968 1642 1162 1684 citantur
1182 1642 1436 1698 fragmenta
1462 1648 1710 1697 poetarum,
1734 1648 1811 1682 aut

331 1710 487 1766 aliquis
515 1711 699 1765 loquens
727 1710 960 1758 inducitur,
980 1711 1028 1752 in
1057 1710 1260 1767 margine
1286 1711 1384 1752 loco
1414 1711 1687 1756 uncinorum,
1716 1710 1809 1764 qui-

1706 1779 1728 1800 ><
1751 1779 1777 1800 9<-

331 1838 412 1877 bus
440 1837 682 1891 typothetae
714 1835 855 1877 nostri
876 1842 1059 1877 utuntur
1078 1832 1157 1889 („)
1187 1841 1444 1890 comparent
1473 1836 1602 1891 signa
1628 1776 1685 1940 (ζ
1701 1837 1727 1918 Ξ
1746 1782 1818 1944 Ξ)

331 1955 497 1997 Eodem
524 1956 571 1996 in
600 1954 714 1996 libro
746 1955 823 1996 ubi
854 1961 1086 2009 poetarum
1120 1960 1221 1995 sunt
1251 1953 1516 2008 fragmenta,
1536 1955 1810 2011 syllabarum

332 2024 550 2078 quantitas
584 2025 749 2078 passim
785 2024 953 2071 eodem,
982 2037 1066 2077 quo
1097 2023 1229 2063 etiam
1259 2036 1376 2062 nunc
1409 2023 1538 2063 modo
1572 2022 1806 2065 indicatur.

331 2106 371 2132 v.
394 2092 524 2146 Epist.
547 2107 587 2147 p.
604 2098 670 2139 66,
689 2098 755 2134 6¹7.
816 2091 929 2133 Vide
951 2092 1084 2133 etiam
1104 2090 1357 2147 Longinum
1377 2089 1555 2132 Weiskii
1573 2105 1614 2146 p.
1633 2096 1727 2132 641.

376 2159 740 2201 Vetustissimum
756 2160 934 2215 signum
951 2158 1220 2200 circumflexi
1234 2159 1316 2199 hoc
1332 2164 1416 2198 est:
1448 2181 1490 2197 Λ
1502 2189 1512 2205 ,
1533 2170 1559 2198 Λ
1577 2188 1587 2199 .
1634 2158 1806 2207 Postea,

330 2242 441 2276 cum,
462 2235 511 2269 ut
531 2229 579 2269 in
601 2229 843 2284 spiritibu8‚
859 2242 1046 2284 quorum
1068 2229 1121 2269 ab
1143 2227 1268 2268 initio
1289 2228 1359 2268 hae
1380 2233 1511 2268 erant
1532 2227 1696 2274 formae,
1724 2244 1742 2271 -ι
1774 2246 1792 2271 u-

331 2295 534 2351 angulosi
569 2297 720 2338 ductus
755 2303 1036 2338 mutarentur
1070 2296 1115 2337 in
1151 2296 1378 2344 rotundos,
1413 2294 1717 2337 circumflexus
1745 2296 1807 2337 sic

329 2365 609 2419 pingebatur,
652 2363 682 2381 ⁰
719 2363 749 2380 Λ
859 2365 985 2406 Conf.
1025 2371 1177 2405 notam
1214 2364 1611 2421 taehygraphicam
1649 2377 1808 2405 vocum

329 2430 414 2473 τῶν
433 2432 765 2487 περισπωμένων.
817 2433 1020 2488 Utraque
1038 2432 1309 2474 circumflexi
1329 2433 1478 2488 figura
1497 2432 1635 2473 refert
1652 2437 1808 2475 notam

329 2500 509 2554 syllabae
543 2500 602 2541 ἦ
638 2501 947 2557 compendiose
984 2502 1177 2555 scriptae,
1213 2514 1398 2554 cumque
1433 2499 1485 2540 ea
1519 2500 1699 2541 confusa
1732 2506 1806 2542 est.

330 2568 443 2610 Vide
463 2582 597 2623 supra
615 2570 730 2610 hanc
750 2570 977 2624 syllabam.

387 2635 454 2677 De
489 2636 741 2678 confusione
778 2636 1006 2678 commatis
1037 2637 1239 2693 signique
1272 2637 1577 2694 interrogandi
1607 2634 1675 2692 (3)
1708 2651 1808 2678 cum

329 2703 434 2745 nota
469 2703 813 2761 tachygraphica
850 2706 1077 2759 particulae
1117 2702 1163 2746 δὲ
1198 2705 1287 2746 dixi
1322 2719 1456 2760 supra
1487 2706 1534 2745 in
1569 2702 1651 2746 hac
1686 2718 1805 2746 voce.

329 2770 498 2812 Ibidem
524 2779 568 2814 et
593 2774 638 2813 in
663 2771 831 2828 syllaba
856 2775 904 2814 ὃν
936 2775 1012 2830 egi
1040 2775 1092 2815 de
1125 2773 1382 2815 confusione
1418 2769 1624 2814 accentus
1657 2773 1808 2828 gravis

331 2853 431 2880 cum
450 2839 618 2895 syllaba
639 2842 698 2883 O—V.
759 2842 983 2883 Praeterea
1013 2842 1066 2882 de
1097 2842 1239 2897 gravi,
1262 2842 1336 2895 qui
1366 2840 1586 2882 interdum
1615 2839 1804 2895 praelon-

331 2920 417 2961 gus
444 2907 651 2963 pingitur,
676 2910 776 2950 vide
810 2923 944 2964 supra
974 2910 1021 2951 in
1053 2923 1162 2950 voce
1193 2907 1304 2963 πρός.
1386 2907 1586 2962 Denique
1616 2907 1671 2948 de
1701 2920 1806 2961 apo-

1960 1342 1973 1349 '-
1958 1315 1976 1325 s
1961 1170 1976 1301 -ve-a—·*1**-
1967 1117 1976 1130 n
1963 1034 1976 1060 μ

1960 1783 1970 1825 ’<

1951 1891 1976 1984 ἓ
