1976 3288
19 2622 43 2854 ,ψίψιχκ
14 2507 37 2610 mv·
17 2468 32 2492 m

643 224 713 254 -DE
729 223 917 251 monus
943 222 1112 249 unzms.
1598 207 1628 248 9

145 324 223 380 (ῐξ)
247 326 480 370 confusum
510 329 590 370 est,
621 320 804 376 perinde
836 317 1008 360 librarii
1039 318 1245 373 legerunt
1276 319 1343 363 lc,
1371 317 1447 357 ubi
1483 318 1520 356 N
1552 317 1627 357 de·

147 395 325 436 bebant-

205 462 274 504 De
301 460 464 502 unciali
492 459 632 500 literae
657 457 734 499 Nu
759 457 903 498 forma
932 454 1076 497 obiter
1102 455 1186 496 hoc
1214 455 1336 502 addo,
1361 469 1452 496 non
1482 456 1628 496 minus

147 530 325 574 mem
348 530 441 585 ejus
468 541 561 569 esse
584 525 886 567 confusionem
905 537 1006 564 cum
1026 520 1159 563 literz‘i
1180 523 1342 578 Kappa
1362 524 1424 564 sic
1449 521 1626 577 scripta,

148 604 200 640 ut
230 611 316 653 pro
346 599 402 638 lc
436 594 590 637 haberi
627 593 775 649 possit.
845 591 992 632 Etiam
1025 594 1064 631 Π
1098 603 1181 645 pro
1214 594 1255 631 N
1289 591 1444 631 haberi
1483 604 1627 646 posse,

147 665 293 708 dicam
310 664 429 706 infra
445 677 478 705 s.
500 661 726 717 compend.
747 660 887 701 literae
906 659 993 701 Nu.

199 731 260 773 In
287 729 527 773 minuscula
555 727 777 783 scriptura
798 727 883 774 Nu,
904 728 966 768 sic
996 726 1200 774 effictum,
1220 732 1269 767 ut
1292 725 1339 767 in
1363 726 1467 768 Cod.
1487 726 1626 768 Palat.

148 799 329 854 aliisque
348 799 405 852 (v.
422 811 577 839 vocem
595 795 812 848 ποιοῦντα)
833 808 935 836 cum
953 793 1146 836 Lambda
1165 801 1210 834 et
1232 793 1310 834 Mu
1330 794 1626 835 confunditur.

147 881 190 909 v.
209 880 345 922 supra
371 867 451 908 has
479 866 640 907 literas.
701 863 804 906 Non
834 864 977 904 minus
1008 862 1228 916 frequens,
1257 869 1300 903 et
1323 863 1511 904 fortasse
1540 862 1628 904 fre-

149 936 352 991 quentior
371 935 504 976 etiam
523 940 591 975 est
610 934 703 989 ejus
722 932 921 974 confusio
941 945 1042 973 cum
1057 931 1157 973 Rho.
1199 930 1271 972 Sic
1286 931 1494 988 legerunt
1511 932 1536 985 ῥ
1557 930 1628 972 οῦν

152 1017 237 1060 pro
257 1020 280 1045 ν
299 1002 384 1044 οὖν.
445 1017 484 1043 v·
507 1002 700 1058 Gregor.
720 1016 762 1056 p.
783 1007 821 1043 4.

208 1069 372 1112 Forma
408 1069 546 1110 literae
578 1069 654 1110 Nu
686 1083 806 1109 nune
844 1068 1005 1109 usitata
1038 1065 1101 1123 (ὖ)
1134 1067 1210 1107 ubi
1247 1066 1294 1107 in
1332 1066 1457 1108 libris
1494 1080 1631 1107 manu

152 1138 331 1193 seriptis
369 1137 570 1183 occurrit,
611 1137 831 1178 interdum
870 1136 1085 1190 majorem
1123 1135 1255 1175 habet
1294 1134 1632 1190 longitudinem,

150 1220 283 1262 quam
317 1219 415 1260 quae
447 1212 513 1247 est
546 1205 675 1260 hujus
707 1205 849 1246 literae
879 1204 923 1245 in
954 1205 1072 1258 typis
1104 1204 1259 1257 quibus
1291 1216 1437 1257 operae
1466 1209 1629 1243 nostrae

150 1280 349 1316 utuntur.
409 1273 524 1315 Vide
554 1286 685 1315 voces
717 1272 798 1320 νῦν,
822 1271 1111 1328 γεννηθέντας,
1137 1269 1287 1312 οὐσίαν
1313 1285 1338 1312 e
1365 1270 1470 1311 Cod.
1491 1269 1628 1311 Paris.

152 1347 276 1384 2423.
335 1340 453 1382 Hinc
472 1342 613 1382 oritur
631 1341 869 1382 similitudo
889 1341 1018 1396 hujus
1037 1340 1175 1381 literae
1194 1353 1294 1380 cum
1317 1339 1497 1380 Gamma
1519 1337 1602 1396 (ἢ).

207 1408 495 1451 Notissimam
518 1409 824 1449 confusionem
848 1406 1082 1448 literarum
1101 1408 1127 1447 ἶ
1145 1413 1190 1447 et
1208 1405 1232 1447 ὗ
1252 1413 1440 1463 tangam
1459 1408 1577 1449 infra
1595 1421 1628 1448 s.

81 1517 87 1520 .
151 1481 188 1520 Υ
204 1474 338 1531 ψιλῷ.
396 1476 611 1531 Exempla
629 1476 723 1532 ejus
744 1475 888 1517 ubivis
910 1482 1159 1517 occurrunt.

210 1613 460 1656 Xi.—Vide
478 1626 614 1668 supra
633 1613 753 1654 Zeta.

211 1681 469 1737 Praepositio
497 1678 601 1736 πρὸς
630 1682 797 1737 passim
824 1679 876 1721 ea
902 1679 1006 1722 notai
1035 1678 1377 1737 tachygraphicii
1408 1680 1633 1727 scribitur,

153 1763 251 1804 quae
269 1763 360 1791 non
380 1749 600 1792 dissimilis
620 1751 676 1791 sit
694 1750 831 1791 literae
849 1743 876 1803 ξ
897 1756 971 1790 aut
992 1740 1024 1800 ξ.

211 1817 264 1859 In
291 1815 536 1859 Scholiasta
554 1817 724 1859 Platon.
746 1833 785 1873 p.
802 1822 896 1864 168,
915 1818 1150 1873 legebatur
1171 1814 1285 1870 ξήκει
1313 1831 1395 1872 pro
1423 1812 1631 1871 προσήκει.

153 1885 390 1942 Integrum
414 1884 670 1927 Scholiastae
699 1886 846 1927 locum
865 1883 974 1941 (tab.
992 1884 1042 1935 Ι.)
1068 1900 1122 1927 ex
1142 1885 1327 1942 egregio
1355 1886 1502 1927 codice
1525 1891 1629 1928 1807

153 1955 472 2009 representavi.
534 1953 586 1995 In
613 1954 750 1995 altero
777 1954 993 2008 exemplo,
1014 1954 1120 1995 item
1146 1967 1171 1994 e
1199 1954 1291 1995 cod.
1319 1958 1428 1995 1807
1447 1960 1634 2009 sumpt0,

154 2022 302 2078 prima
338 2035 495 2063 manus
532 2023 710 2076 scripsit
739 2035 870 2063 voces
908 2020 1093 2074 βοτάνης
1129 2020 1260 2074 ὄνομα
1293 2021 1439 2069 may:
1491 2022 1634 2063 altera

154 2104 312 2133 manus
330 2089 528 2146 adjunxit
550 2091 655 2138 haec,
671 2088 903 2145 βαρύνεται
924 2085 981 2138 δὲ,
1002 2084 1140 2143 ἐπειδὴ
1162 2088 1316 2144 κύριον·
1349 2089 1419 2131 ὅτε
1438 2085 1485 2132 δὲ
1502 2106 1633 2145 προσ-

156 2154 365 2215 ηγορικὸν,
397 2156 600 2212 ὀξύνεται.
660 2157 879 2205 Quaenam
912 2159 971 2199 sit
1003 2159 1096 2199 haec
1130 2159 1269 2199 altera
1299 2172 1466 2205 manus,
1495 2160 1635 2200 discas

155 2240 213 2268 ex
251 2224 357 2268 notii
394 2227 441 2268 in
481 2226 569 2267 fine
614 2227 776 2268 codicis
823 2225 992 2268 addus:
1042 2224 1236 2280 Ὠρθὼθη
1272 2226 1296 2280 ἡ
1331 2225 1489 2278 βίβλος
1528 2223 1634 2279 αὕτη

157 2290 238 2335 ὑπὸ
263 2291 587 2336 Κωνσταντίνου
616 2292 937 2348 Μητροπολίτου
956 2292 1240 2348 Ἱεραπόλεως,
1260 2294 1339 2337 τοῦ
1367 2293 1437 2336 καὶ
1470 2294 1634 2348 ὠνησα-

157 2360 293 2415 μένου.
371 2361 577 2403 Parisina
617 2361 891 2403 Bibliotheca
938 2361 1131 2417 possidet
1183 2363 1376 2404 codicem
1414 2363 1634 2405 AEsehinis

158 2429 347 2470 oratoris
367 2430 434 2483 (S.
451 2428 664 2470 German.
687 2428 806 2481 249),
827 2430 874 2470 in
904 2443 991 2484 quo
1019 2432 1327 2486 compendium
1353 2432 1435 2473 hoc
1461 2446 1634 2487 praepo-

158 2496 326 2538 sitionis
344 2493 446 2551 πρὸς
459 2511 585 2551 paene
605 2497 787 2554 singulis
807 2498 982 2554 paginis
1001 2499 1399 2553 apparet-Voces
1417 2515 1634 2554 προσυπα-

161 2563 370 2612 xcvo-reon,
389 2561 494 2618 πρὸς
513 2562 707 2612 ἕκαστον,
728 2562 831 2620 πρὸς
847 2561 944 2614 τοὺς
962 2564 1130 2622 λόγους,
1150 2567 1254 2622 (tab.
1271 2565 1322 2621 I.)
1342 2582 1396 2609 ex
1416 2569 1500 2610 hoc
1522 2568 1635 2610 libro

161 2639 343 2688 sumptae
363 2638 475 2674 sunt.

223 2766 603 2809 Omierone—Vide
630 2768 783 2809 literas
806 2768 951 2816 Theta,
973 2769 1120 2825 Siqma
1148 2777 1195 2812 et
1218 2771 1400 2827 Upsilon.
1469 2770 1635 2813 Recen-

164 2836 351 2878 tioribus
379 2836 535 2877 seculis
562 2837 720 2877 seribae
746 2837 912 2891 passim
940 2837 986 2878 in
1013 2837 1230 2880 linearum
1251 2837 1496 2894 (versuum)
1515 2841 1636 2882 exitu
