1976 3288
338 220 392 260 10
774 214 778 218 ⁴
854 234 905 260 m:
932 233 1112 261 sumnus
1139 234 1307 262 erffluS.

330 328 481 370 literas
510 327 771 384 παραλόγως
802 328 993 384 grandes
1022 330 1223 385 pingunt,
1251 335 1404 372 auctas
1430 330 1526 373 illas
1557 332 1807 378 adventitiis

331 398 533 439 ductibus
564 397 817 453 praelongis,
845 411 951 452 quos
979 398 1182 439 nonnulli
1212 411 1294 452 pro
1316 398 1341 439 5
1363 399 1524 454 μικροῖς
1549 400 1808 444 habuerunt.

330 466 504 508 Talium
526 467 737 507 ductuum
759 466 1102 507 adventitiorum
1129 467 1334 521 exempla
1354 469 1460 509 dant
1480 482 1613 510 voces
1635 465 1808 523 ὕψωμα,

328 531 578 579 θάλασσαν,
609 531 772 591 χρείαν,
803 526 827 588 ἢ
859 534 949 590 (ex.
968 535 1017 586 1),
1051 531 1121 575 καὶ
1158 535 1241 586 (ex.
1260 532 1342 591 18),
1375 530 1424 589 δὴ
1454 534 1619 592 (ex.l),
1649 552 1674 579 e
1703 537 1808 578 Cod.

327 601 465 644 Paris.
490 601 768 644 2423.—Hac
793 602 1022 644 occasione
1049 617 1219 651 moneo,
1242 603 1452 645 Codicem
1471 605 1583 647 Ven.
1606 605 1812 647 Homeri-

330 684 430 711 cum
452 672 499 712 in
522 671 609 712 fine
633 685 760 726 paene
789 671 1066 726 singulorum
1100 672 1374 714 Scholiorum
1407 681 1483 715 aut
1514 675 1619 716 bina
1648 680 1813 729 puncta

331 782 430 810 cum
461 765 633 815 lineola,
666 774 740 809 aut
780 767 954 822 aliquod
990 768 1225 824 signorum
1268 773 1546 827 sequentium
1584 755 1716 846 (ἐξ
1738 753 1815 848 ἶ)

329 865 491 906 habere
519 865 676 907 solere.
739 864 1003 920 Hujusmodi
1024 866 1179 908 ductus
1198 866 1246 907 in
1264 868 1462 922 plurimis
1494 870 1713 912 codicibus
1740 883 1812 911 re-

327 935 567 989 periuntur,
587 934 695 975 nihil
713 935 982 991 significant,
1005 944 1268 991 possuntque
1289 939 1539 992 comparari
1560 951 1660 978 cum
1679 938 1811 994 signo

328 1003 404 1043 illo
429 1002 489 1058 ·}·‚
513 1002 629 1056 quod
655 1003 776 1044 Galli
808 1004 965 1044 seribae
998 1004 1045 1044 in
1077 1004 1163 1045 fine
1195 1004 1346 1059 scripti
1368 1004 1528 1047 Gallici
1558 1006 1674 1047 haud
1706 1019 1812 1047 raro

327 1077 511 1125 ponunt.
590 1070 641 1111 In
692 1070 878 1111 Scholiis
921 1072 976 1112 ad
1015 1070 1138 1112 Iliad.
1170 1077 1216 1113 Γ.
1246 1078 1340 1113 426.
1374 1073 1652 1121 Villoisonus,
1693 1073 1811 1115 aliud

330 1153 478 1197 agens,
501 1139 589 1180 tale
621 1139 807 1196 signum,
831 1139 949 1180 forte
982 1141 1243 1196 contingens
1274 1140 1453 1182 literam
1483 1141 1661 1183 finalem
1689 1141 1810 1183 vocis

329 1214 555 1255 extremae,
572 1221 654 1262 pro
674 1208 932 1261 compendio
951 1208 1130 1262 syllabae
1147 1209 1219 1248 r—ai
1239 1209 1393 1250 habuit
1412 1209 1608 1265 legitque
1623 1207 1810 1266 ἒφίζεται

330 1287 411 1329 pro
444 1268 737 1329 ἔφιζε.-Ρι·ο
770 1273 950 1330 Νέστωρ
977 1273 1011 1317 τ’
1034 1274 1160 1324 αὑτός
1188 1275 1223 1317 τ’
1250 1271 1381 1333 ἔφιζε,
1414 1277 1514 1333 lege
1543 1276 1721 1333 Νέστωρ
1758 1271 1817 1320 αῧ

331 1341 416 1385 τότ’
436 1338 563 1399 ἔφιζε.
626 1344 786 1400 Odyss.
808 1349 851 1385 Γ.
877 1348 972 1384 411.

382 1411 576 1454 Omicron
593 1415 629 1454 οἱ
648 1410 926 1470 ταχυγράφοι
943 1413 1184 1467 saepissime
1208 1414 1503 1455 adnectebant
1518 1414 1663 1456 literae
1679 1429 1812 1469 prox-

329 1481 417 1521 ime
452 1480 734 1535 praecedenti,
765 1481 839 1535 qui
875 1480 1097 1521 scribendi
1125 1495 1219 1523 mos
1245 1482 1393 1523 varios
1428 1496 1606 1524 errores
1640 1484 1808 1540 genuit.

331 1547 458 1590 Hanc
486 1551 541 1590 ob
569 1562 751 1590 causam
783 1549 830 1589 in
851 1547 1089 1603 Apollonio
1110 1550 1383 1592 Villoisonus
1415 1551 1527 1606 legit
1561 1549 1810 1604 ἀκουῶμεθα

330 1631 411 1672 pro
443 1615 1099 1671 dxovcrdpsoa.—Frequentiori
1129 1619 1265 1659 etiam
1296 1632 1449 1659 errore
1480 1619 1502 1659 5
1531 1619 1610 1660 tali
1639 1620 1810 1661 ratione

332 1686 551 1726 adnexum
572 1686 797 1726 habebant
816 1699 899 1740 pro
921 1686 1056 1726 ductu
1080 1685 1190 1726 nihil
1219 1686 1504 1742 significante,
1525 1688 1571 1728 in
1602 1687 1811 1744 legendo-

331 1767 414 1807 que
435 1754 565 1807 plane
586 1755 891 1810 negligebant.
942 1753 979 1794 E
999 1754 1224 1795 contrario
1247 1755 1402 1796 ductus
1422 1755 1603 1796 rotundi
1618 1755 1811 1810 nihilque

330 1820 637 1877 significantes,
659 1822 793 1862 etiam
823 1821 995 1876 quando
1023 1836 1112 1862 non
1143 1824 1356 1863 extremis
1378 1823 1561 1865 vocibus
1583 1823 1808 1879 lineisque,

332 1889 409 1929 sed
426 1889 530 1930 alibi
545 1895 675 1929 erant
693 1888 865 1944 appicti,
882 1902 1199 1942 nonnunquam
1215 1903 1299 1944 pro
1320 1890 1344 1930 5
1362 1890 1524 1944 μικροῖς
1543 1891 1679 1932 habiti
1694 1897 1809 1933 sunt.

333 1957 533 1998 Literam
558 1957 582 1998 5
606 1958 666 1998 sic
699 1971 800 1998 cum
821 1956 1014 1999 Lambda
1035 1971 1280 1999 connexam
1305 1958 1404 1999 vide
1431 1958 1478 1999 in
1504 1959 1685 2001 vocibus
1707 1957 1811 2002 ἀλό-

335 2041 436 2080 γους
465 2032 509 2066 et
537 2024 728 2081 λογάρια
759 2039 783 2066 e
813 2025 920 2067 Cod.
939 2026 982 2067 S.
999 2025 1155 2066 Germ.
1179 2030 1273 2066 345.
1353 2026 1423 2068 Sic
1444 2027 1535 2068 Leo
1555 2026 1740 2069 Allatius
1765 2027 1814 2069 in

333 2093 566 2149 Anonymo
598 2094 650 2135 de
680 2093 894 2135 Incredib.
929 2109 962 2135 c.
983 2099 1046 2134 16.
1077 2091 1226 2152 χρείαν
1256 2095 1369 2151 legit
1402 2110 1484 2150 pro
1514 2093 1702 2152 χορείαν.
1761 2096 1812 2138 Id

335 2177 413 2205 cur
429 2164 595 2211 fecerit,
613 2162 771 2204 Lector
790 2162 1014 2219 intelliget
1035 2177 1058 2203 e
1074 2176 1183 2203 voce
1203 2161 1376 2219 χορείαν
1393 2162 1439 2218 (e
1456 2162 1560 2204 Cod.
1575 2164 1677 2206 Vat.
1695 2162 1811 2220 305).

335 2229 385 2271 In
416 2231 618 2285 exemplo
646 2226 746 2288 ἕχον
774 2230 849 2286 (ex
879 2231 1036 2272 eodem
1067 2231 1181 2281 cod.)
1207 2231 1339 2273 litera
1364 2232 1388 2272 5
1419 2246 1520 2273 cum
1551 2234 1584 2289 Ξ
1614 2245 1814 2274 connexa

335 2301 496 2342 clarius
520 2307 716 2354 apparet.
778 2298 1014 2346 Quomodo
1045 2301 1069 2340 5
1098 2313 1198 2341 cum
1220 2299 1316 2341 Rho
1344 2306 1643 2349 connectatur,
1664 2306 1811 2341 osten—

338 2369 447 2409 dunt
465 2381 595 2408 voces
615 2363 696 2421 πρὸ
717 2374 761 2408 et
778 2363 892 2422 πρὸς.

395 2438 451 2480 V.
473 2437 610 2478 etiam
629 2437 747 2479 infra
767 2437 987 2492 syllabam
1010 2435 1076 2478 ἆ-ν.

398 2582 810 2625 P·i.——Confusionis
829 2583 969 2624 literae
991 2588 1029 2624 Π
1052 2597 1153 2624 cum
1169 2589 1206 2624 A
1221 2584 1337 2625 ratio
1358 2589 1424 2624 est
1445 2584 1637 2638 petenda
1657 2598 1711 2625 ex
1731 2598 1813 2626 un-

338 2653 437 2694 ciali
458 2650 689 2708 scriptura,
710 2652 756 2693 in
777 2650 863 2706 qua
883 2651 1075 2693 Lambda
1095 2666 1282 2707 superne
1302 2665 1392 2692 non
1412 2666 1596 2707 semper,
1613 2658 1663 2694 ut
1681 2666 1812 2700 nunc,

340 2728 518 2762 acutum
548 2722 683 2762 habet
715 2722 909 2768 ductum,
940 2720 1015 2761 sed
1047 2719 1266 2761 interdum
1294 2732 1423 2775 paene
1451 2720 1659 2775 ejusdem,
1691 2721 1812 2776 cnjus

339 2789 467 2836 infra,
488 2789 735 2831 latitudinis
761 2795 849 2831 est:
889 2795 1157 2844 quapropter
1176 2792 1215 2829 Π
1235 2794 1279 2829 et
1302 2793 1338 2829 A
1358 2788 1599 2842 plurimum
1628 2788 1747 2830 inter
1766 2803 1812 2831 se

340 2858 503 2898 habent
532 2857 838 2899 similitudinis.
900 2856 1015 2898 Vide
1036 2870 1166 2898 voces
1185 2855 1468 2907 Ἀπόλλωνος,
1499 2854 1629 2904 λίθον,
1662 2855 1815 2913 (quam

1932 3158 1971 3288 fina-
