1976 3288
304 224 333 265 8
831 241 883 267 DE
914 241 1094 267 smcuus
1126 241 1293 267 urssms.

310 332 454 375 forma
474 335 616 376 literae
638 335 843 383 Lamban,
865 350 998 391 quam
1029 336 1264 377 ostendunt
1291 349 1420 376 voces
1442 333 1633 387 λέληθεν,
1654 330 1802 391 ἄλσος,

313 401 427 452 λίαν,
452 403 530 445 &c.
603 403 655 445 In
690 404 850 447 Codice
882 404 1109 460 Apollonii
1141 404 1327 459 Dyscoli
1362 410 1485 446 2548.
1506 405 1590 445 hoc
1611 403 1804 445 Lambda

313 470 535 512 interdum
555 471 616 513 sic
632 473 822 514 effictum
843 481 923 522 est,
945 480 994 515 ut
1012 475 1059 514 in
1079 488 1119 514 v.
1142 471 1495 527 ὁλοκληροτέραν.

372 538 474 586 Qua
511 554 629 582 nunc
661 542 827 582 utimur
859 539 1002 583 forma
1032 541 1174 582 literae
1202 539 1406 587 Lambda,
1435 541 1483 581 in
1512 540 1639 582 libris
1667 553 1803 582 manu

316 607 490 661 scriptis
521 607 744 648 interdum
768 607 919 649 similis
939 615 1005 649 est
1027 607 1169 649 literae
1188 609 1232 666 ᾖ.
1293 607 1347 650 V.
1369 608 1488 649 infra
1509 608 1685 649 literam
1707 607 1801 649 Chi.

315 674 369 716 V.
387 676 521 716 etiam
541 676 594 716 de
615 676 898 717 similitudine
917 676 1115 731 ejusdem
1130 675 1337 724 Lambda‚
1352 675 1430 717 ubi
1450 675 1802 730 superscribitur,

316 757 416 786 cum
448 742 552 786 nota
582 742 929 801 tachygraphica
964 745 1145 800 syllabae
1169 742 1236 793 ὦ,
1259 745 1432 799 quando
1467 751 1669 786 accentus
1701 757 1803 786 acu-

314 821 383 854 tus
422 814 535 854 hanc
574 819 730 854 notam
769 813 998 870 contingit,
1031 812 1150 855 infra
1180 828 1211 855 s.
1236 814 1319 854 hac
1355 811 1535 868 syllaba.
1595 812 1804 867 Superest

315 881 403 921 alia
433 880 578 920 forma
610 880 751 921 literae
774 880 994 929 Lambda3
1037 881 1248 921 nimirum
1280 894 1345 929 ea,
1372 894 1471 934 quae
1503 881 1725 936 reperitur
1755 881 1802 921 in

314 949 418 990 Cod.
454 948 495 988 S.
525 948 678 990 Germ.
703 954 797 997 345,
827 949 873 990 in
905 949 1010 990 cod.
1039 949 1092 990 A.
1124 948 1404 991 Scholiorum
1442 948 1799 996 Homericorum,

314 1017 509 1071 itemque
550 1017 655 1058 alibi
694 1017 825 1070 (conf.
865 1016 1023 1058 Montf.
1056 1015 1272 1074 Palaeogr.
1306 1033 1347 1072 p.
1379 1023 1474 1060 346.
1511 1019 1593 1059 001.
1623 1024 1660 1058 3.
1691 1031 1802 1059 voce

313 1081 483 1138 παῦλα)
503 1084 677 1137 quando
707 1084 799 1123 haec
828 1083 974 1129 litera,
1004 1084 1186 1138 syllabis
1217 1083 1422 1126 finalibus
1452 1085 1637 1132 omissis,
1657 1085 1803 1126 vocali

315 1152 595 1195 antecedenti
615 1152 971 1206 superscribitur.
1031 1150 1158 1193 Talia
1179 1152 1443 1206 compendia
1458 1166 1629 1199 vocum,
1647 1153 1802 1208 quibus

313 1221 562 1278 hujusmodi
589 1220 783 1262 Lambda
819 1220 1165 1275 superscriptum
1195 1227 1272 1268 est,
1298 1220 1416 1261 haud
1445 1234 1549 1262 raro
1584 1222 1798 1277 ambigas,

314 1291 531 1346 quomodo
563 1290 730 1344 expleri
763 1287 1305 1344 oporteat.—-Compendia
1331 1302 1492 1330 vocum
1519 1287 1656 1343 δῆλον,
1679 1287 1801 1342 δηλο-

314 1359 410 1406 νότι,
445 1359 694 1416 significant
731 1358 876 1406 etiam,
911 1364 1043 1412 prout
1077 1358 1210 1399 series
1245 1357 1453 1399 orationis
1487 1356 1640 1412 poscit,
1674 1355 1800 1411 δῆλα,

313 1423 490 1482 δηλαδὴ,
530 1426 662 1479 δηλοῖ,
704 1426 868 1480 δηλοῦν,
911 1421 1151 1478 δηλωτικός,
1192 1425 1271 1467 &c.
1343 1425 1518 1467 Horum
1555 1426 1799 1468 verborum

312 1497 452 1552 plura,
465 1497 813 1550 nominatimque
833 1495 947 1550 quod
963 1495 1096 1536 modo
1113 1493 1203 1534 dixi
1219 1489 1459 1548 δηλωτικός,
1475 1495 1710 1540 interdum,
1728 1493 1800 1535 vel

311 1566 405 1606 sine
425 1565 549 1606 finali
565 1564 769 1611 Lambda,
791 1562 1099 1619 compendiose
1121 1563 1183 1604 sic
1203 1563 1455 1605 scribuntur
1475 1569 1524 1603 ut
1544 1562 1591 1603 in
1612 1562 1798 1604 articulo

311 1649 365 1675 ex
394 1633 498 1674 Cod.
521 1633 563 1674 S.
587 1633 738 1675 Germ.
770 1639 864 1675 345.
893 1638 1128 1686 excerpto:
1170 1627 1354 1683 Τητινὸν,
1384 1628 1600 1686 ἐπίῤῥημα,
1629 1628 1796 1687 χρόνον,

313 1701 768 1754 &mmmmm—Verba
787 1695 861 1754 τὴν
886 1703 970 1754 (ex.
988 1705 1030 1752 4)
1050 1698 1280 1756 Ἀχιλλέως
1299 1693 1419 1753 τιμὴν
1439 1700 1523 1749 (ex.
1541 1697 1587 1754 2)
1606 1714 1630 1740 e
1652 1699 1797 1741 Schol-

313 1769 494 1810 Homer.
519 1769 573 1810 ad
595 1770 642 1809 11.
659 1774 707 1810 A.
728 1774 822 1809 564.
845 1774 1052 1822 excerpta
1073 1773 1186 1815 sunt,
1208 1766 1232 1820 ἡ
1252 1765 1338 1823 (ex.
1359 1763 1405 1823 5)
1423 1764 1669 1823 ἀμφιβολία
1691 1762 1796 1818 αὕτη

310 1835 396 1894 (ex.
417 1838 476 1887 2),
499 1851 523 1878 e
540 1835 683 1878 Schol.
701 1835 883 1877 Homer.
906 1836 962 1876 ad
986 1834 1034 1876 ΙΙ.
1055 1837 1106 1876 Δ.
1130 1839 1197 1875 37.

354 1972 619 2015 Mu.-——Vide
641 1986 778 2027 supra
794 1971 917 2019 Beta,
936 1971 1112 2027 Kappa,
1130 1970 1324 2012 Lambda
1333 1986 1352 2022 ;
1379 1977 1424 2012 et
1444 1971 1599 2012 ultimo
1619 1971 1797 2025 quidem

310 2044 407 2084 1000
436 2044 489 2084 de
516 2042 772 2084 confusione
802 2055 903 2082 cum
932 2039 1124 2082 Lambda
1151 2046 1243 2081 tam
1272 2040 1460 2094 simplici
1481 2054 1614 2094 quam
1634 2040 1795 2094 duplici

310 2107 416 2165 (λ’λ),
441 2110 632 2163 itemque
654 2123 754 2150 cum
776 2109 956 2164 syllabis
976 2108 1022 2151 >G
1042 2115 1085 2149 et
1104 2109 1170 2157 ἦ.

370 2178 524 2232 Neque
556 2178 700 2219 minus
732 2179 1061 2219 confunduntur
1093 2177 1173 2218 Mu
1202 2183 1248 2218 et
1268 2177 1356 2222 Nu,
1384 2177 1557 2230 quando
1588 2176 1636 2216 in
1665 2174 1796 2218 litera

313 2247 392 2288 Mu
411 2246 575 2288 lineola
590 2260 690 2287 eam
712 2260 812 2287 cum
831 2254 1039 2301 sequente
1058 2245 1191 2288 litera
1201 2248 1398 2303 jungens
1419 2251 1494 2286 aut
1512 2245 1641 2299 plane
1662 2244 1793 2291 deest,

313 2322 390 2357 aut
411 2322 528 2359 certe
550 2316 699 2356 oculos
727 2315 916 2370 legentis
939 2315 1063 2371 fugit.
1126 2314 1179 2356 In
1199 2314 1419 2369 excerptis
1441 2311 1663 2368 Apollonii
1684 2312 1796 2367 Dys-

313 2383 398 2424 coli
432 2383 612 2424 restituo
643 2382 812 2436 μᾶλλον
845 2384 928 2437 (ex.
951 2381 1162 2438 1)δώριος
1187 2383 1211 2437 ἡ
1239 2385 1330 2438 (ex.
1355 2379 1403 2438 2)
1430 2377 1691 2436 μητάληψις,
1711 2394 1794 2437 pro

311 2468 352 2505 μ.
367 2450 402 2493 δ.
418 2449 674 2505 ηνετάλητις.

370 2564 567 2607 Nu.—-In
596 2564 814 2619 scriptura
837 2572 880 2607 et
898 2566 1064 2608 unciali
1083 2573 1128 2608 et
1146 2563 1392 2607 minuscula
1414 2569 1454 2606 N
1475 2564 1699 2606 interdum
1719 2563 1794 2604 vix

312 2640 458 2689 potest
480 2635 535 2675 ab
557 2638 596 2674 H
620 2634 846 2689 dignosci:
882 2634 998 2675 unde
1018 2641 1116 2692 orta
1136 2634 1424 2676 commutatio
1453 2635 1611 2675 harum
1640 2632 1791 2675 litera-

313 2716 426 2743 rum.
470 2700 524 2743 V.
539 2715 672 2756 supra
685 2701 787 2750 Eta,
798 2701 905 2744 item
920 2702 1080 2744 Montf.
1098 2703 1190 2745 Pal.
1204 2718 1244 2758 p.
1257 2708 1354 2744 346.
1369 2703 1448 2743 col.
1464 2708 1500 2742 3.
1542 2700 1597 2743 V.
1610 2715 1651 2742 v.
1665 2698 1792 2756 οὖρά-

252 2779 255 2780 ’
314 2787 407 2818 νιος,
435 2768 637 2825 οὐρανῶν,
664 2777 758 2819 etc„
786 2771 861 2813 ubi
887 2772 1054 2814 medius
1087 2774 1241 2814 ductus
1271 2773 1410 2813 literae
1427 2770 1502 2813 Nu
1525 2783 1616 2811 non
1647 2775 1790 2811 trans-

311 2853 453 2887 verse,
473 2840 547 2879 sed
568 2837 690 2881 recta
712 2841 972 2896 porrigitur.
986 2842 1009 2865 ᾖ
1069 2841 1211 2882 Porro
1234 2847 1282 2882 ut
1305 2841 1392 2882 Ena
1413 2854 1515 2881 cum
1540 2835 1712 2894 syllaba
1733 2836 1788 2879 Ic

700 2946 721 2969 *
747 2947 837 2979 Vide
853 2949 957 2980 etiam
978 2949 1160 2990 Pcecilogr.
1179 2950 1400 2981 Graec.--Ed.
