1976 3288
344 235 401 278 30
797 251 1057 279 SINGULARUM
1087 251 1363 278 SYLLABARUM.

343 344 695 401 superscribitur,
718 352 766 387 ut
787 347 833 388 in
854 361 962 388 voce
984 341 1112 403 ἤγουν
1131 346 1220 403 (eX.
1241 346 1289 402 1),
1319 361 1343 388 e
1363 346 1466 388 Cod.
1488 346 1533 388 S.
1545 346 1702 390 Germ.
1719 352 1770 388 34
1779 355 1817 390 5.

343 415 415 456 fol.
434 418 526 454 161.
548 414 594 455 in
611 414 850 457 recentiori
869 413 1084 471 scriptura
1111 416 1328 472 marginis
1354 414 1708 457 exterioris—In
1733 429 1818 458 un-

344 483 444 523 ciali
478 483 714 537 alphabeto
742 484 821 525 o—vst
855 499 1014 540 parum
1045 486 1269 540 discrepat
1300 500 1326 526 e
1354 484 1614 540 compendio
1639 485 1820 540 syllaboe

345 554 453 593 CAI.
506 551 621 594 Vide
642 567 798 594 vocem
818 549 1037 610 ἡγήσαιτο,
1053 567 1134 608 pro
1155 551 1242 608 qua
1261 554 1378 595 male
1397 555 1605 610 legerunt
1625 551 1818 609 ἡγοῦντο.

345 619 396 660 In
431 618 676 662 minuscula
707 619 927 676 scriptura
959 623 1033 662 iffi
1066 636 1184 663 nunc
1217 623 1396 678 syllabae
1431 622 1479 662 ὣ
1512 621 1819 676 compendiose

345 689 539 743 scriptae,
564 702 683 730 nunc
714 690 852 731 literae
876 689 983 736 Rho,
1011 682 1128 731 nunc
1162 696 1278 732 notae
1309 688 1669 746 taehygraphicae
1697 689 1820 744 diph-

341 757 502 812 thongi
522 756 558 798 εἶ
577 756 717 798 simile
738 763 821 799 est.

400 824 584 881 Syllabae
609 826 655 867 ὦ
681 826 965 882 compendiose
996 829 1171 884 scriptae,
1193 828 1366 882 quando
1397 840 1540 882 parva
1570 825 1821 868 rotunditas

344 892 592 948 compendii
630 893 813 948 syllabae
852 892 926 934 Biz—v
965 900 1210 936 atramento
1251 895 1430 949 expleta
1469 900 1545 935 est.
1627 891 1726 935 Hac
1766 894 1819 934 de

345 959 478 1002 causa
512 961 558 1002 in
591 961 844 1019 Etymolog.
878 961 1065 1005 Sorbon.
1099 956 1179 1016 BE]
1213 964 1340 1019 plene
1374 963 1649 1019 integrisque
1679 961 1819 1004 literis

342 1032 557 1085 scriptum
578 1031 741 1088 legitur
759 1045 843 1086 pro
862 1029 981 1086 W.
1025 1032 1140 1075 Vide
1160 1047 1256 1089 quae
1271 1046 1408 1087 supra
1421 1033 1469 1073 in
1486 1029 1658 1086 syllaba
1678 1031 1724 1073 οἶ
1742 1028 1823 1087 (a.)

343 1112 508 1153 scripsi.

400 1168 557 1209 Literoe
570 1166 666 1208 Rho
692 1166 902 1221 (by—Sic
922 1168 969 1210 in
983 1168 1233 1224 Apollonio,
1254 1183 1293 1224 p.
1314 1173 1379 1210 26.
1424 1167 1593 1210 Villois.
1607 1167 1758 1210 Codex
1777 1167 1819 1208 S.

342 1233 497 1275 Germ.
522 1239 616 1274 345.
637 1235 712 1276 dat
743 1231 812 1276 καὶ
843 1235 929 1291 (ex.
950 1234 997 1291 6)
1014 1229 1088 1277 οῧν
1109 1238 1197 1292 (ex.
1216 1234 1265 1289 4)
1290 1231 1406 1290 οἵπερ
1435 1231 1484 1277 τὸ
1513 1234 1601 1292 (eX.
1624 1238 1666 1288 1)
1689 1234 1822 1290 πάρος

344 1318 396 1358 γε
425 1302 569 1358 (Iliad.
589 1307 633 1344 T.
655 1302 743 1357 42.)
767 1317 849 1358 pro
879 1302 956 1346 καί
978 1303 1013 1360 ῥ’
1038 1299 1155 1359 οἵπερ
1183 1321 1263 1347 κ.τ.
1275 1308 1316 1347 λ.
1378 1305 1414 1346 Ε
1436 1305 1662 1346 contrario
1692 1319 1733 1360 p.
1756 1310 1821 1346 40.

342 1371 505 1428 legitur
537 1370 561 1425 ἡ
590 1369 680 1428 (ex.
707 1370 752 1424 1)
782 1370 818 1413 δ’
848 1373 931 1425 (ex.
954 1370 998 1428 1)
1019 1371 1112 1415 ἐπεί
1136 1373 1220 1427 (ex.
1244 1371 1287 1428 1)
1316 1372 1350 1428 ῥ’
1372 1367 1573 1427 ἄμπνυτο,
1606 1372 1747 1427 (Iliad.
1770 1377 1821 1415 X.

344 1439 461 1493 475.)
486 1455 567 1495 pro
598 1440 623 1494 ἡ
653 1438 687 1482 δ’
708 1438 793 1482 ἐπεὶ
823 1433 898 1482 οὖν
917 1440 985 1497 (3)
1017 1436 1429 1496 ἅμπνυτο.-ΟοᾶθΧ
1449 1441 1667 1497 Hesychii
1690 1443 1823 1484 habet

345 1508 580 1563 Ζωανηρές·
616 1503 721 1563 ἀνὴρ
749 1506 856 1565 πρὸς
888 1505 1005 1564 ζωὴν,
1035 1524 1132 1565 quae
1163 1512 1225 1552 sic
1255 1510 1570 1567 corriguntur:
1607 1509 1820 1566 Ζωαρκὲς·

343 1574 499 1630 ἀρκοῦν
528 1591 597 1630 πρ.
622 1577 654 1627 ζ.
724 1576 950 1618 Nimirum
977 1577 1184 1619 vitiosum
1215 1572 1320 1632 ἀνὴρ
1350 1579 1431 1620 soli
1462 1578 1650 1620 debetur
1679 1579 1823 1620 errori

342 1659 577 1700 perperam
608 1645 795 1702 legentis
825 1646 1066 1703 genuinam
1098 1660 1253 1688 vocem
1284 1645 1450 1701 ἀρκοῦν.
1519 1646 1636 1690 Nam
1661 1649 1694 1701 ᾗ
1713 1653 1760 1689 et
1783 1647 1820 1702 ᾗ,

338 1715 361 1763 ἦ
390 1719 435 1754 et
470 1712 507 1761 k,
536 1713 725 1768 denique
760 1715 789 1767 ᾗ
821 1719 865 1754 et
903 1711 986 1759 ov—v,
1016 1714 1256 1768 plurimum
1289 1714 1408 1755 inter
1448 1728 1494 1755 se
1533 1713 1824 1756 similitudinis

342 1783 522 1830 habent,
543 1783 730 1836 ideoque
749 1782 878 1823 facile
900 1781 1162 1824 commutari
1184 1789 1377 1837 possunt.
1437 1782 1585 1824 Voces
1605 1783 1697 1831 has,
1718 1777 1824 1838 ἀνὴρ

342 1858 388 1893 et
419 1850 586 1906 ἀρκοῦν,
620 1851 861 1892 secundum
898 1850 1055 1891 ductus
1086 1851 1332 1893 scribarum
1363 1852 1524 1892 decimi
1554 1852 1702 1898 seculi,
1734 1864 1820 1906 quo

343 1921 626 1962 commutatio
659 1919 737 1962 illa
764 1919 937 1960 videtur
973 1919 1089 1960 facta
1124 1933 1232 1966 esse,
1268 1920 1579 1974 repraesentari
1613 1919 1734 1974 jussi,
1769 1925 1819 1960 ut

342 1990 534 2031 lectores
558 1990 610 2030 de
630 1989 914 2031 similitudine
936 2002 1091 2030 earum
1112 1989 1194 2044 ipsi
1208 1989 1419 2044 judicent.

400 2059 527 2099 Notoe
557 2058 896 2113 tachyyraphz‘cae
928 2057 1176 2113 diphthonyi
1206 2057 1309 2098 ἆ.-
1320 2057 1367 2098 Ε.
1397 2072 1431 2098 c.
1466 2055 1693 2113 ὠφελεῖται
1726 2057 1822 2098 loco

343 2127 545 2168 rectioris
568 2126 860 2183 ὠφελοῦνται;
897 2121 1025 2180 ἐζήτει
1050 2140 1131 2180 pro
1156 2123 1337 2179 ἐζήτουν.
1397 2125 1435 2166 Ε
1454 2125 1681 2167 contrario
1712 2125 1822 2180 legi-

342 2203 415 2238 tur
435 2193 640 2251 ἕστύγουν
660 2210 742 2251 pro
763 2193 942 2252 ἐστὺγει,
965 2202 1009 2236 et
1030 2193 1295 2252 συνεμάχουν
1316 2209 1398 2250 pro
1419 2192 1662 2251 συνεμάχει.

405 2293 469 2327 23.
500 2286 692 2342 Syllabae
713 2287 964 2335 o—vg.-—Vide
979 2301 1111 2328 voces
1126 2281 1223 2334 τοὺς
1237 2284 1323 2343 (ex.
1337 2283 1379 2341 1)
1394 2283 1558 2341 λόγους.
1602 2281 1723 2325 Nota
1741 2283 1820 2324 hu-

339 2355 411 2409 jus
427 2354 608 2409 syllabae
622 2369 738 2396 nunc
752 2356 1104 2410 superscribitur,
1121 2369 1235 2396 nunc
1253 2355 1531 2396 adscribitur.
1581 2351 1718 2393 Plura
1729 2351 1822 2407 ejus

343 2423 546 2477 exempla
567 2423 674 2463 dant
695 2437 825 2463 voces
846 2421 1062 2478 ἀγγέλους
1084 2420 1129 2478 (e
1148 2422 1250 2463 Cod.
1269 2421 1404 2463 Paris.
1424 2418 1526 2476 133)
1545 2418 1823 2478 τριχοφόρους

344 2484 471 2544 (ἤτοι)
489 2487 658 2547 χοίρους
682 2493 724 2543 (e
747 2489 1006 2533 Cod.Vatic.
1031 2488 1136 2544 305)
1165 2487 1426 2546 συμμάχους,
1458 2487 1638 2543 κράτους
1663 2501 1688 2528 e
1714 2485 1820 2528 cod.

344 2558 481 2601 Paris.
503 2564 607 2601 1741
626 2575 634 2600 :
671 2555 768 2607 τοὺς
791 2558 882 2616 (ex.
902 2558 943 2612 2)
974 2553 1143 2606 οἰωνοὺς
1173 2572 1198 2599 e
1222 2558 1327 2599 Cod.
1349 2558 1391 2598 S.
1414 2556 1566 2598 Germ.
1590 2562 1686 2598 345.
1709 2553 1822 2597 Οἰδί-

344 2643 446 2675 πους
484 2641 539 2667 ex
575 2627 763 2682 Etymol.
803 2626 990 2668 Sorbon.
1071 2625 1123 2667 In
1162 2624 1358 2668 Eudocia
1393 2625 1663 2667 Villoisonus
1703 2622 1822 2665 vocis

344 2693 610 2749 “Ηρακλέους
639 2696 855 2751 syllabam
886 2702 1166 2751 postremam,
1193 2696 1274 2744 effi,
1305 2694 1498 2736 confudit
1527 2707 1628 2735 cum
1654 2691 1719 2742 iffi,
1747 2692 1823 2734 de-

345 2763 494 2817 ditque
528 2761 790 2818 Ἦρακλέως,
827 2765 995 2820 quoties
1037 2763 1256 2819 syllabam
1295 2763 1364 2812 εῖν-ς
1394 2777 1474 2818 per
1513 2759 1823 2817 compendium

345 2832 551 2885 scriptam
581 2834 829 2887 reperisset.
890 2832 1004 2875 Vide
1027 2847 1182 2874 vocem
1201 2830 1477 2888 Ἡρακλέους.
1538 2830 1575 2871 Ε
1597 2828 1823 2872 contrario

346 2897 392 2938 in
433 2897 592 2942 Eudoc.
629 2915 669 2954 p.
694 2908 758 2942 99.
792 2901 903 2958 legit
944 2899 1222 2957 φερωνύμους,
1259 2915 1358 2942 cum
1398 2902 1590 2948 deberet,
1623 2899 1667 2940 id
1709 2898 1823 2952 quod
