1976 3288
345 233 402 275 32
799 246 1058 274 SINGULARUM
1085 247 1362 275 SYLLABARUM.

402 349 466 384 25.
498 342 689 398 Syllabae
717 342 893 391 ‹ik—In
917 343 1022 386 Cod.
1043 343 1208 384 Platon.
1238 348 1357 385 1807.
1380 349 1425 384 et
1447 343 1586 386 Palat.
1610 350 1708 387 398.
1727 345 1820 388 haec

339 413 512 467 syllaba
545 411 623 453 tali
656 410 759 455 nota
795 411 1017 460 scribitur,
1049 411 1226 466 qualem
1266 411 1501 454 ostendunt
1535 426 1666 455 voces
1703 412 1820 463 ἐτῶς,

340 480 523 536 ἀλόγως,
547 475 763 534 νεμήσεως.
825 479 1070 534 Saepissime
1100 480 1184 520 hoc
1215 478 1272 526 ib}
1295 479 1341 520 in
1370 481 1514 535 ipsam
1544 481 1708 524 lineam
1737 483 1820 524 im-

339 550 533 592 mittitur.
594 551 708 593 Vide
731 549 785 598 ὠς
805 550 890 599 (ex.
907 552 952 600 4)
974 547 1199 602 διαιροῦσα
1220 563 1244 590 e
1266 548 1369 590 Cod.
1388 549 1495 592 Plat.
1518 555 1641 599 1807,
1667 546 1819 606 ὥσπερ,

340 615 463 667 ὥστε,
488 618 542 667 ὡς
567 616 655 675 (ex.
677 615 722 674 5)
748 614 1033 673 καταφρονῶν
1059 630 1083 657 e
1109 615 1212 658 Cod.
1235 616 1276 659 S.
1299 615 1451 660 Germ.
1477 624 1570 666 249,
1593 619 1649 668 ὡς
1671 618 1762 676 (ex.
1779 618 1822 675 1)

340 685 411 730 καὶ
443 689 531 743 (ex.
558 685 602 743 6)
631 687 675 729 ἐν
712 689 796 740 (ex.
817 688 858 735 7)
895 685 1010 742 ἀρχῇ
1039 699 1064 725 e
1093 684 1199 726 Cod.
1221 685 1357 727 Paris.
1380 690 1501 728 1741.
1572 685 1624 728 In
1653 686 1820 730 minut&

338 754 559 811 scriptur&
589 754 760 796 Codicis
786 753 827 795 S.
850 752 1006 794 Germ.
1034 758 1129 796 345.
1156 753 1212 801 εἷς
1236 753 1296 795 sic
1331 753 1495 808 pictum
1527 761 1594 796 est
1624 761 1672 796 ut
1702 755 1749 797 in
1781 770 1822 797 v.

336 820 524 877 ἐμπείρος
558 828 604 863 et
641 820 1097 876 86osoe9.-—Xylander
1131 827 1286 862 notam
1327 822 1508 876 syllabae
1544 822 1600 871 οἷς
1630 823 1677 864 in
1709 822 1817 865 cod.

336 892 473 933 Palat.
497 897 593 932 398.
615 890 766 932 habuit
789 904 871 946 pro
893 889 1167 944 apostropho.
1218 904 1260 931 v.
1280 889 1417 945 Epist.
1438 905 1478 945 p.
1501 898 1563 933 ¹77.

405 958 482 1008 (Ως
516 959 562 1000 in
597 956 816 1014 scripture.
848 957 952 1000 Cod.
974 957 1150 999 Platon.
1172 963 1296 1006 1807,
1329 959 1373 1000 S.
1401 959 1554 1001 Germ.
1583 966 1678 1009 249,
1713 962 1818 1003 alio-

336 1042 532 1082 rumque,
564 1028 705 1069 simile
737 1033 801 1068 est
822 1028 962 1068 literae
990 1026 1078 1067 Εὔα
1106 1027 1171 1067 sic
1199 1028 1380 1081 scripta}
1407 1035 1457 1069 ut
1486 1029 1533 1069 in
1560 1027 1745 1082 ὀξύτητα
1773 1037 1817 1072 et

335 1090 571 1150 προσθήκης
590 1109 614 1135 e
635 1094 738 1135 Cod.
757 1093 1029 1150 Hermogen.
1053 1098 1176 1136 1983.
1236 1093 1367 1136 Hanc
1399 1097 1454 1137 ob
1484 1110 1665 1138 causam
1691 1095 1752 1145 ω““ς“
1774 1104 1818 1139 et

337 1165 362 1215 ἦ
380 1169 656 1204 commutata
674 1168 788 1204 sunt.

393 1231 713 1272 Posterioribus
737 1231 1010 1285 temporibus
1031 1230 1087 1278 (ῖς
1101 1232 1162 1272 sic
1185 1232 1455 1287 scripserunt
1478 1239 1526 1274 ut
1545 1233 1591 1274 in
1607 1248 1647 1276 v.
1663 1230 1815 1283 καθὼς,

336 1296 412 1348 ἕως
431 1298 525 1356 (τῆς
543 1309 606 1349 (ex.
617 1309 649 1347 6)
669 1297 855 1354 ἡμέρας),
878 1296 1068 1347 ἁπαλῶς,
1088 1298 1373 1356 πανηγύρεως,
1396 1315 1420 1342 e
1440 1301 1545 1342 Cod.
1563 1302 1700 1343 Paris.
1720 1307 1813 1350 133,

335 1365 681 1423 ὁμολογουμένως
698 1381 722 1407 e
741 1366 846 1407 cod.
867 1366 1001 1408 Paris.
1026 1372 1149 1408 2423.
1208 1367 1331 1410 Idem
1359 1369 1442 1410 hoc
1471 1369 1536 1418 (ῖς,
1563 1383 1814 1412 connexum

335 1449 436 1476 cum
463 1435 750 1476 antecedente
778 1432 920 1482 litera,
941 1435 1110 1477 videbis
1132 1435 1178 1476 in
1198 1437 1378 1478 vocibus
1397 1435 1608 1489 θηλυκῶς,
1627 1453 1812 1493 ’γραμμι-

335 1502 428 1551 κῶς,
446 1502 644 1560 συνεχῶς,
661 1510 708 1544 et
727 1505 774 1545 in
791 1501 1054 1560 φερωνὺμως,
1070 1505 1145 1546 ubi
1166 1506 1417 1547 habuerunt
1437 1519 1518 1561 pro
1539 1504 1711 1562 syllaba
1729 1507 1810 1556 εἷς.

333 1571 583 1626 Saepissime
611 1570 666 1620 οἷς
695 1586 795 1613 cum
829 1568 898 1613 καὶ
931 1572 1225 1620 confunditur,
1254 1588 1305 1615 ac
1334 1571 1462 1615 vers&
1485 1573 1595 1625 vice,
1617 1576 1812 1628 quando-

334 1639 509 1693 quidem
547 1642 688 1682 ambae
724 1653 856 1681 voces
895 1639 1108 1683 similibus
1139 1642 1386 1698 pinguntur
1417 1643 1542 1689 notis,
1574 1649 1623 1684 ut
1652 1644 1812 1686 docent

332 1725 402 1751 ex.
424 1715 448 1750 2
471 1716 514 1750 et
535 1716 560 1750 3
581 1709 700 1751 vocis
723 1709 789 1759 ὡς,
811 1716 854 1751 et
874 1724 941 1752 ex.
961 1717 985 1752 6
1006 1718 1052 1752 et
1078 1717 1128 1752 15
1149 1712 1268 1753 vocis
1289 1708 1371 1752 καὶ.
1669 1765 1675 1769 -

393 1776 508 1819 Vide
547 1778 682 1819 etiam
721 1792 851 1819 voces
889 1778 935 1820 in
974 1780 1127 1835 phi-as.
1165 1776 1235 1821 καὶ
1274 1779 1359 1831 (ex,
1376 1776 1422 1831 6)
1453 1774 1540 1834 γὰρ
1570 1776 1656 1834 (ex.
1680 1775 1722 1834 1)
1756 1778 1811 1827 ὡς

333 1848 422 1901 (ex.
439 1844 487 1898 3)
505 1844 674 1897 ἀληθῶς
688 1841 811 1888 ἔσται
825 1844 912 1902 (ex.
927 1847 968 1901 1)
983 1862 1039 1889 ex
1052 1848 1304 1904 Etymolog.
1320 1847 1605 1889 Sorbon.—v.
1615 1846 1810 1903 Gregor.

331 1931 373 1971 p.
391 1922 457 1956 24.
507 1915 654 1957 Voces
674 1914 839 1956 ibidem
860 1915 1013 1957 citatas
1033 1930 1058 1957 e
1074 1915 1261 1957 Seholiis
1277 1915 1458 1959 Venetis
1478 1917 1533 1956 ad
1547 1914 1808 1964 Homerum,

331 1983 412 2041 φῶ,
441 1979 491 2025 τὸ
517 1985 603 2034 (ex.
621 1980 667 2039 6)
695 1980 847 2039 φαίνω,
875 1979 1275 2038 ἀναδιπλασιασμὸς
1307 1981 1529 2039 πεφάσσω,
1555 1980 1625 2025 καὶ
1657 1987 1745 2036 (ex.
1764 1986 1810 2036 6)

331 2048 601 2106 πλεονασμὸς
633 2049 884 2107 παιφάσσω,
911 2049 1030 2093 οἱονεὶ
1065 2050 1248 2107 φανερῶ,
1276 2051 1331 2100 ὡς
1355 2051 1443 2107 (ex.
1465 2055 1506 2105 l)
1528 2050 1703 2102 πταίνω,
1725 2069 1807 2096 πα-

329 2118 505 2162 πταίνω·
534 2118 700 2167 πάσσω,
721 2118 852 2172 πάλη,
872 2119 1079 2172 παιπάλη,
1099 2123 1187 2164 tab.
1203 2127 1220 2162 l
1248 2127 1637 2176 repraesentantur.

799 2333 830 2363 C.
889 2334 1156 2362 INTEGRARUM
1186 2333 1333 2362 VOCUM.

384 2405 556 2447 Horum
577 2407 938 2460 compendiorum
957 2409 1003 2448 in
1025 2409 1244 2450 codicibus
1259 2410 1352 2449 haec
1369 2409 1485 2449 ratio
1506 2413 1581 2450 est.
1631 2407 1804 2464 Scripta

327 2471 459 2514 liter&
489 2473 660 2520 initiali,
684 2480 759 2514 aut
786 2475 949 2529 aliquot
970 2476 1023 2516 de
1044 2476 1265 2530 prioribus
1293 2476 1444 2521 literis,
1467 2475 1805 2529 superscribitur

323 2543 452 2583 litera
471 2542 524 2582 de
545 2541 685 2582 medio
711 2549 787 2583 aut
807 2543 859 2584 de
880 2543 967 2584 fine
993 2551 1182 2599 sumpta,
1202 2545 1504 2597 omittiturque
1530 2543 1686 2586 ultima
1713 2540 1799 2600 syl-

325 2611 428 2652 laba
457 2615 534 2651 aut
561 2610 742 2650 residua
769 2611 887 2652 vocis
916 2625 1030 2665 pars,
1055 2611 1129 2666 qui
1158 2612 1354 2653 defectus
1382 2625 1436 2652 ex
1463 2624 1591 2652 sensu
1619 2618 1663 2654 et
1688 2605 1800 2654 serie

324 2678 536 2720 orationis
568 2678 837 2733 supplendus
873 2685 948 2722 est.
1020 2679 1137 2721 Hinc
1169 2680 1309 2722 oritur
1340 2680 1475 2736 longe
1506 2681 1724 2722 maximus
1752 2682 1800 2722 in

326 2747 526 2804 legendis
565 2747 789 2788 codicibus
830 2762 1040 2790 numerus
1077 2748 1394 2795 difficultatum,
1440 2749 1648 2803 quoniam
1691 2750 1802 2792 tales

324 2817 732 2872 tachygraphorum
751 2823 867 2859 notae
897 2819 952 2859 ad
983 2823 1124 2859 certas
1149 2818 1360 2872 quasdam
1389 2818 1568 2873 regulas
1599 2818 1800 2859 revocari

325 2885 399 2924 vix
418 2890 615 2938 possunt.
682 2883 805 2926 Adde
826 2886 940 2940 quod
962 2891 1183 2936 accentus,
1205 2885 1314 2927 fidus
1334 2885 1409 2926 ille
1435 2886 1523 2926 dux
1546 2877 1641 2934 viee,
1660 2885 1799 2926 inter—
