1976 3288
971 247 1184 303 (16)

844 422 1319 465 B.—COMPENDIA

700 542 737 567 Π.
797 541 1114 568 SINGULARUM
1163 542 1458 570 LITERARUM.

340 629 702 672 Almam—Ham
741 631 906 671 vocalis
952 631 1177 671 interdum
1221 631 1492 686 significatur
1530 631 1621 674 solii
1658 631 1818 675 lineola

339 697 633 754 superscripta
648 698 785 740 literae
806 699 1096 739 antecedenti.
1157 699 1376 741 Porsonus
1393 700 1504 741 hanc
1519 701 1666 755 posuit
1683 715 1820 758 regu-

337 767 427 808 lam
457 768 735 824 generalem:
774 766 949 808 “Linea
979 781 1112 821 supra
1137 767 1324 814 literam,
1347 769 1385 809 si
1404 783 1458 810 ea
1481 769 1612 810 litera
1631 775 1695 811 est
1717 783 1819 811 con-

338 841 362 858 “
384 849 556 884 sonans,
588 835 810 891 significat
841 837 881 882 ἃ,
913 835 951 876 si
982 835 1159 882 vocalis,
1187 836 1223 876 ἶι.
1285 836 1378 877 ἐστῒ
1397 851 1432 878 e.
1452 851 1493 894 g.
1524 850 1605 892 pro
1632 836 1747 878 ἐστιν
1776 843 1821 878 et

339 911 362 926 ‘⁴
381 903 654 960 τῖ’ραιροῢνται
685 920 766 958 προ
794 901 1136 957 παραιροῦνται.”
1210 904 1337 945 Hanc
1369 905 1573 961 regulam
1604 905 1668 946 sic
1698 905 1819 946 finiri

340 979 544 1030 oportet:
583 972 776 1018 Lineola,
799 985 895 1026 quae
921 972 942 1011 ῦ
968 971 1202 1027 significat,
1228 978 1271 1013 et
1300 974 1639 1026 superscribitur
1659 974 1820 1016 vocali-

338 1044 431 1088 bus,
451 1047 625 1082 tantum
640 1040 686 1080 in
702 1040 789 1081 fine
808 1053 968 1080 vocum
989 1039 1237 1093 reperitur3
1273 1041 1348 1081 sed
1368 1041 1543 1089 lineola,
1564 1056 1662 1096 quae
1682 1041 1818 1097 signi-

339 1110 442 1151 ficat
474 1110 511 1156 ἆ,
548 1108 740 1150 occurrit
778 1107 1028 1162 promiscue
1062 1108 1108 1147 in
1141 1108 1323 1149 vocibus
1361 1115 1456 1150 tam
1493 1110 1646 1151 mediis
1685 1123 1818 1164 quam

338 1178 555 1223 extremis,
595 1175 917 1231 imponiturque
967 1181 1010 1216 et
1059 1177 1397 1218 consonantibus
1441 1183 1485 1218 et
1522 1177 1817 1220 vocalibus.-.-

339 1245 466 1287 Solus
500 1246 740 1286 verborum
778 1257 931 1284 sensus
970 1243 1190 1298 seriesque
1229 1245 1438 1286 orationis
1480 1246 1608 1287 docet
1645 1245 1692 1287 in
1730 1246 1818 1288 fine

338 1327 498 1355 vocum
527 1312 690 1353 lineola
708 1311 855 1352 voculi
884 1312 1181 1367 superscripta
1210 1312 1387 1354 literam
1407 1313 1430 1354 ὗ
1452 1314 1671 1370 significet
1694 1314 1752 1356 an
1773 1316 1816 1356 ἆ.

339 1381 409 1423 Sic
441 1381 547 1428 ἐστῐ,
582 1387 629 1422 ut
655 1394 760 1422 vere
787 1380 1016 1427 Porsonus‚
1052 1386 1122 1421 est
1157 1380 1296 1422 ἐστινε
1346 1382 1422 1422 sed
1457 1371 1557 1423 ἑστῖ
1581 1389 1647 1424 est
1684 1380 1817 1425 ἑστία.

339 1449 535 1490 Omnino
569 1449 748 1503 syllabae
780 1447 824 1489 ιῖι
854 1461 981 1502 paene
1010 1447 1056 1488 in
1086 1449 1287 1490 omnibus
1322 1449 1543 1491 codicibus
1571 1450 1819 1492 seculorum

339 1519 455 1565 noni,
477 1517 643 1564 decimi,
665 1517 898 1564 undecimi,
921 1515 1167 1557 duodecimi
1196 1517 1478 1571 reperiuntur
1509 1520 1819 1574 compendiose

339 1587 402 1627 sic
447 1585 644 1640 scriptae:
687 1601 711 1624 1.
784 1583 942 1625 Rarius
993 1591 1228 1625 occurrunt
1271 1585 1531 1639 compendia
1571 1588 1602 1632 ἕ,
1640 1604 1673 1631 ο,
1713 1605 1747 1635 υ,
1784 1603 1819 1628 ω

340 1669 420 1708 pro
451 1654 630 1709 syllabis
662 1656 723 1700 ἔὸι,
758 1653 823 1701 ὄᾶ,
856 1656 922 1699 ῦᾶ,
955 1654 1031 1693 ‹so—a.
1093 1651 1179 1694 Sed
1209 1652 1371 1694 lineola
1400 1653 1477 1695 tali
1506 1656 1638 1697 modo
1669 1670 1818 1712 super-

339 1723 502 1777 scripta
522 1736 621 1763 cum
640 1721 768 1762 facile
788 1721 922 1776 possit
940 1720 1125 1777 negligi,
1146 1734 1236 1762 non
1257 1721 1434 1769 mirum,
1453 1722 1659 1766 librarios
1675 1725 1819 1782 Alpha

340 1791 497 1844 saepius
518 1790 777 1845 neglexisse.

421 1857 471 1898 In
508 1857 612 1898 Cod.
641 1857 778 1898 Palat.
813 1863 907 1902 398,
939 1856 1043 1898 Cod.
1065 1858 1235 1899 Platon.
1263 1863 1382 1903 1807,
1417 1858 1599 1913 aliisque
1632 1863 1820 1904 vetustis

340 1928 558 1968 codicibus
587 1923 748 1967 lineola
775 1924 1083 1980 superscripta,
1105 1940 1201 1980 quae
1224 1926 1369 1982 Alpha
1397 1933 1473 1968 aut
1495 1927 1570 1968 Nu
1590 1926 1819 1982 significat,

338 1995 562 2036 interdum
589 1994 699 2035 satis
730 1994 865 2050 longa
897 2000 978 2042 est,
1007 1995 1187 2049 ejusque
1211 2000 1305 2035 tam
1331 1994 1500 2036 initium
1526 2008 1659 2049 quam
1685 1995 1819 2037 finem

338 2062 532 2103 minutus
565 2063 718 2102 ductus
747 2062 801 2102 ad
824 2062 1186 2116 perpendiculum
1221 2063 1448 2118 contingit.
1509 2077 1548 2103 V.
1567 2076 1699 2104 voces
1732 2061 1818 2105 τῶν

337 2129 423 2185 (ex.
441 2129 494 2184 1),
509 2122 582 2171 οὖν
596 2131 684 2185 (ex.
703 2127 758 2185 l),
774 2129 962 2185 ὀφεῖλον.
1013 2130 1324 2171 Commemoro
1339 2131 1422 2171 hoc
1439 2137 1686 2185 propterea,
1702 2131 1820 2186 quod

338 2197 431 2238 bini
459 2196 535 2238 isti
566 2199 720 2239 ductus
750 2198 1136 2253 perpendiculares
1165 2198 1372 2240 lineolam
1397 2199 1511 2239 hanc
1539 2197 1731 2239 similem
1756 2199 1820 2240 fa-

340 2264 462 2304 ciunt
511 2265 671 2306 unciali
712 2264 771 2306 Pz·
809 2267 1115 2320 superscripto,
1155 2272 1307 2321 utpote
1347 2267 1468 2322 cujus
1508 2268 1648 2308 ambae
1688 2266 1817 2308 lineae

338 2332 563 2386 parallelae
595 2347 709 2388 saepe
737 2341 829 2375 tam
858 2335 1028 2389 pusillae
1057 2340 1167 2382 sunt,
1188 2341 1237 2376 ut
1259 2334 1333 2375 vix
1362 2334 1484 2375 cerni
1505 2340 1671 2389 queant
1695 2334 1817 2390 (vide

339 2415 495 2442 vocem
525 2400 803 2457 ἐπιτηδεύων).
862 2402 972 2443 Haec
1005 2409 1154 2444 autem
1187 2403 1428 2444 similitudo
1462 2403 1608 2445 varios
1639 2416 1816 2444 errores

339 2470 523 2524 peperit.
574 2469 644 2510 Sic
663 2470 870 2526 legerunt
888 2470 931 2512 ἐν
949 2483 1029 2524 pro
1046 2467 1110 2512 ἐπὶ
1128 2471 1175 2511 in
1194 2469 1435 2512 Scholiasta
1456 2471 1649 2512 Platonis
1669 2486 1708 2527 p.
1723 2477 1816 2518 249,

339 2537 416 2578 ubi
436 2537 553 2579 vocis
572 2537 740 2594 ἐφεντες
759 2539 1061 2593 interpretatio
1088 2546 1152 2580 est
1179 2536 1452 2586 ἐπιτείναντες
1473 2538 1583 2594 (non
1613 2536 1818 2580 ἐντείναν-

338 2603 426 2660 τες)
449 2597 472 2658 ἢ
495 2601 879 2659 κινήσαντες.-Ἐν
901 2607 1042 2648 solum
1073 2620 1151 2661 per
1174 2621 1219 2648 se
1245 2607 1293 2647 in
1321 2607 1412 2648 cod.
1433 2611 1541 2648 1807
1563 2607 1724 2661 passim
1753 2607 1815 2648 sic

340 2674 554 2720 scribitur,
572 2681 621 2715 ut
643 2682 826 2729 apparet
845 2676 891 2716 in
912 2689 978 2717 ex,
999 2682 1035 2716 8.
1087 2674 1140 2716 V.
1157 2689 1286 2716 voces
1301 2671 1356 2716 τὰ
1373 2673 1462 2732 (ex.
1479 2679 1524 2727 3)
1549 2671 1595 2716 δὲ
1615 2677 1697 2728 (ex.
1717 2672 1761 2730 1)
1773 2674 1817 2716 ἐν

342 2742 430 2793 (ex.
449 2738 497 2797 8)
519 2737 637 2784 ἄστει
657 2741 820 2799 (Schol.
843 2757 943 2799 pag.
964 2740 1077 2798 167).

397 2808 482 2850 Sed
502 2810 578 2851 ubi
597 2810 640 2852 ἐν
662 2825 761 2852 cum
783 2811 876 2853 aliis
895 2812 1076 2853 vocibus
1096 2810 1383 2866 compositum
1404 2816 1478 2857 est,
1501 2811 1584 2852 hoc
1604 2822 1816 2864 compen-

338 2876 462 2916 dium
483 2891 697 2932 nusquam
717 2878 920 2927 occurrit,
941 2893 1042 2920 cum
1062 2876 1224 2920 lineola
1251 2878 1407 2919 mediis
1426 2879 1472 2919 in
1493 2878 1675 2919 vocibus
1702 2890 1816 2917 nun-
