1976 3288
980 238 1190 295 (62)

347 427 796 468 D.—MISCELLAE
840 427 1336 466 OBSERVATIONES
1375 428 1456 466 DE
1493 428 1826 467 CODICIBUS

453 504 674 542 GRAECIS
721 505 785 542 IN
830 504 1175 549 UNIVERSHM,
1221 504 1705 547 SPECIALITERQUE
1750 505 1828 544 DE

455 578 710 617 VETUSTO
739 579 858 617 COD.
878 579 1076 617 PALAT.
1097 581 1187 617 398.

343 698 523 741 OM1ss10
563 695 772 741 accentus
812 700 884 740 vel
924 696 1103 755 spiritus
1142 700 1189 741 in
1228 713 1336 741 voce
1375 699 1505 755 plene
1547 701 1825 758 integrisque

341 769 483 810 literis
503 765 676 822 scripta,
699 766 978 810 dubitationis
997 768 1131 808 index
1152 773 1234 814 est,
1256 772 1333 808 aut
1354 767 1572 824 significat
1589 770 1824 812 librarium

342 851 495 878 vocem
516 850 597 890 pro
618 832 824 889 corrupta
842 835 1056 876 habuisse.
1104 849 1144 876 v.
1162 834 1295 890 Epist.
1311 840 1422 890 p.14,
1435 840 1502 876 Sl.
1525 835 1661 893 Greg.
1675 843 1824 892 p.650.

340 903 451 960 (Sed
470 905 517 945 in
533 901 663 945 litera
680 904 778 946 Iota
801 910 865 945 est
885 904 1087 959 exceptio
1109 903 1238 958 hujus
1260 903 1440 959 regulae.
1494 917 1534 944 v,
1555 918 1688 959 supra
1707 905 1822 947 hanc

340 970 549 1028 literam.)
616 972 693 1013 Sin
732 986 819 1013 vox
859 986 938 1027 per
980 972 1289 1027 compendium
1337 971 1511 1027 scripta,
1554 974 1822 1030 syllabaeque

340 1041 492 1082 finales
511 1042 686 1082 omissae
707 1047 818 1087 sunt,
841 1046 1042 1082 accentus
1073 1041 1138 1094 (ut
1165 1040 1261 1081 fieri
1280 1041 1392 1081 solet
1412 1040 1458 1081 in
1477 1041 1675 1095 plurimis
1705 1043 1823 1084 codi-

340 1105 487 1165 cibus)
507 1110 655 1151 deesse
683 1114 843 1163 potest,
866 1123 1007 1163 neque
1038 1114 1274 1164 propterea
1294 1110 1348 1150 de
1368 1110 1609 1151 verborum
1640 1124 1822 1166 corrup-

339 1178 461 1219 tione
502 1178 790 1234 cogitandum
828 1185 908 1220 est.
969 1177 1086 1220 Vide
1115 1191 1250 1233 supra
1277 1192 1318 1233 p.
1343 1185 1412 1219 33.
1474 1178 1692 1221 Punctum
1721 1180 1820 1222 voci

338 1245 726 1301 superimpositum
753 1247 924 1301 pariter
953 1247 1085 1288 index
1115 1253 1182 1289 est
1213 1246 1500 1289 dubitationis
1530 1253 1607 1288 aut
1638 1261 1819 1304 corrup-

338 1314 502 1355 tionis:
543 1312 603 1370 (V.
631 1314 765 1370 Epist.
802 1330 843 1370 p.
867 1313 972 1370 201)
1009 1315 1235 1357 interdum
1273 1315 1382 1356 vero
1422 1314 1590 1357 indicat
1630 1315 1817 1364 literam,

338 1382 409 1422 cui
428 1381 682 1436 impositum
703 1389 777 1430 est,
801 1389 876 1424 aut
901 1389 1039 1424 totam
1059 1397 1214 1424 vocem
1246 1383 1478 1424 delendam
1507 1396 1617 1425 esse.
1679 1383 1820 1426 Linea

335 1456 591 1491 transversa
620 1449 679 1505 (l)
709 1452 755 1491 in
787 1452 930 1492 medio
966 1452 1197 1492 exterioris
1232 1451 1450 1507 marginis
1477 1450 1525 1492 in
1551 1450 1657 1493 Cod.
1679 1451 1816 1496 Palat.

338 1523 433 1564 398,
465 1517 567 1559 Cod.
599 1517 792 1574 Longini
820 1523 946 1567 2036,
978 1519 1160 1574 aliisque
1192 1519 1284 1560 cod.
1307 1519 1414 1560 item
1443 1519 1607 1561 indicat
1635 1534 1817 1577 corrup-

333 1586 513 1627 tionem.
571 1600 612 1626 v.
635 1585 773 1640 Epist.
797 1600 838 1640 p.
853 1591 918 1628 48.
996 1585 1080 1628 Hae
1119 1588 1247 1629 lineae
1285 1587 1384 1629 ideo
1422 1589 1734 1644 pingebantur,
1768 1595 1817 1631 ut

335 1660 633 1695 correctorem
654 1654 946 1696 adverterent.

394 1721 551 1770 Voces,
578 1736 685 1777 quas
717 1723 946 1764 includunt
978 1723 1064 1764 duo
1095 1730 1273 1778 puncta,
1306 1729 1384 1765 aut
1413 1723 1499 1766 duo
1528 1723 1691 1772 uncini,
1721 1725 1815 1783 legi

332 1805 421 1832 non
453 1791 625 1837 debent,
658 1791 730 1831 vel
759 1791 973 1832 habendae
1002 1798 1103 1832 sunt
1131 1806 1213 1846 pro
1244 1792 1406 1834 deletis.
1467 1807 1508 1833 v.
1529 1792 1663 1847 Epist.
1689 1808 1730 1849 p.
1748 1799 1814 1843 28,

336 1863 427 1899 166.
495 1857 590 1899 Hac
629 1859 801 1899 ratione
825 1859 995 1900 librarii
1044 1861 1209 1914 passim
1237 1861 1307 1902 usi
1336 1866 1446 1907 sunt,
1479 1861 1652 1915 quando
1681 1860 1814 1904 litura

334 1927 491 1969 codicis
511 1927 780 1984 elegantiam
802 1942 1086 1983 corrumpere
1106 1930 1286 1970 nollent.
1344 1928 1395 1970 In
1414 1930 1522 1970 locis
1541 1929 1650 1971 rasis
1669 1930 1813 1973 scriba

331 1994 434 2036 cod.
461 1996 598 2037 Palat.
630 2002 724 2037 398.
757 1995 920 2050 aliquot
949 1996 1132 2038 lineolas
1158 2020 1203 2027 -—
1235 2017 1277 2026 -
1312 2021 1373 2044 —,
1397 2004 1471 2038 aut
1494 2005 1542 2043 ÷
1570 2006 1620 2043 ÷
1647 2006 1695 2044 ÷
1732 2013 1811 2054 po-

331 2077 438 2104 nere
467 2064 588 2111 solet,
621 2076 717 2117 quae
748 2063 858 2104 nihil
887 2063 1150 2120 significant,
1179 2071 1436 2119 tantumque
1465 2064 1709 2108 inserviunt
1738 2081 1811 2108 ex-

329 2131 489 2186 plendo
510 2145 662 2172 vacuo.
722 2130 828 2173 Vidi
858 2132 1043 2180 codices,
1065 2134 1113 2174 in
1144 2133 1298 2188 quibus
1327 2134 1455 2189 hujus
1485 2133 1605 2175 modi
1633 2134 1809 2178 lineolae

331 2205 406 2241 aut
428 2207 476 2245 ÷
505 2208 554 2244 ÷
581 2200 727 2255 plures
748 2199 952 2255 deinceps
975 2215 1131 2243 versus
1152 2207 1430 2256 occuparent.

389 2267 591 2315 Librarii,
614 2269 688 2322 qui
708 2281 865 2309 vocem
883 2268 1000 2310 male
1021 2268 1227 2324 scriptam
1245 2269 1439 2311 radendo
1461 2269 1607 2311 delere
1626 2269 1805 2320 nollent,

327 2344 496 2393 puncta
517 2352 650 2393 supra
673 2343 750 2379 aut
775 2337 893 2379 infra
919 2339 1152 2392 ponebant,
1176 2344 1250 2379 aut
1279 2351 1379 2379 eam
1407 2337 1583 2393 punctis
1613 2339 1805 2395 undique

327 2406 576 2462 cingebant.
644 2405 758 2447 Vide
795 2420 951 2447 vocem
985 2404 1129 2454 αὐτάς.
1203 2406 1291 2448 Alii
1322 2406 1494 2448 librarii
1523 2420 1664 2454 voces,
1697 2421 1805 2462 quas

328 2474 495 2514 deletas
527 2474 704 2520 vellent,
734 2474 861 2515 lineis
894 2473 1123 2522 traductus,
1156 2480 1204 2515 ut
1235 2489 1315 2515 nos
1348 2475 1549 2522 solemus,
1579 2477 1803 2519 notabant.

326 2541 461 2583 Velut
480 2540 525 2581 in
547 2541 651 2582 Cod.
671 2541 897 2596 Apollonii
916 2541 1096 2596 Dyscoli
1117 2538 1187 2583 καὶ
1209 2548 1309 2582 ante
1330 2539 1405 2594 ψέ.
1465 2541 1550 2582 vid.
1573 2539 1644 2583 καὶ
1666 2537 1736 2595 ψέ,
1759 2549 1804 2585 et

324 2608 518 2665 Gregor.
540 2624 583 2664 p.
609 2614 703 2650 254.
766 2609 818 2650 In
841 2608 1044 2664 Apollon.
1076 2609 1184 2651 Lex.
1215 2608 1347 2651 Hom.
1380 2609 1574 2665 syllabas
1602 2626 1725 2663 ρηται
1755 2610 1802 2652 in

323 2671 494 2731 εἴρηται,
516 2678 609 2719 solo
629 2678 664 2719 εἰ
683 2684 954 2728 remanente,
975 2692 1016 2719 V.
1037 2676 1175 2734 Greg.
1196 2677 1242 2718 in
1263 2675 1456 2721 Eudocia
1485 2678 1677 2734 syllabas
1697 2686 1803 2737 φιλο

321 2744 367 2784 in
390 2743 656 2800 φιλοσοφῶν.

378 2810 509 2853 Hunc
548 2828 720 2856 morem
754 2815 937 2856 notandi
969 2829 1111 2863 voces,
1147 2828 1256 2869 quas
1292 2815 1455 2856 deletas
1491 2815 1612 2864 velis,
1649 2816 1799 2860 Graeci

322 2878 471 2920 dicunt
491 2879 767 2938 διαγράφεινε
809 2883 886 2923 sed
918 2883 1110 2924 alterum
1140 2882 1265 2923 illum
1295 2883 1405 2924 tales
1427 2897 1558 2925 voces
1591 2885 1796 2942 cingendi
