1976 3288
345 234 404 275 44
881 244 1148 272 mrmnAnnM
1170 243 1322 271 vocum.

351 358 392 399 p.
414 348 479 384 56.
508 347 553 384 et
586 347 680 384 27¹7.
713 339 914 396 Append.
935 355 976 395 p.
998 345 1063 387 ll,
1083 353 1143 393 sq.
1205 338 1299 379 Nec
1329 339 1474 379 minus
1505 338 1834 382 confunduntur

349 409 533 452 ἐνταῦθα
575 415 619 451 et
654 408 854 460 ἐντεῦθεν,
887 422 992 450 nam
1033 407 1293 461 compendia
1327 408 1487 448 horum
1521 407 1832 450 adverbiorum

351 466 480 520 ἔνταῦ
499 483 543 518 et
562 466 688 525 ἐντεῦ,
709 492 869 533 parum
887 479 1004 521 inter
1024 491 1070 518 se
1092 476 1353 532 discrepant.

407 541 570 593 Ἑνικὸς
590 551 636 586 et
656 542 921 602 ἐνεργητικὸς
944 545 1270 587 confunduntur
1295 545 1413 599 (vide
1427 543 1560 599 Epist.
1577 559 1618 599 p.
1637 549 1730 593 11⁵7,
1750 543 1832 600 sq.)

353 614 456 668 quia
487 615 629 655 ambae
662 627 794 655 voces
827 614 993 668 passim
1026 613 1120 654 solo
1151 612 1182 660 ἓ,
1214 613 1285 653 cui
1316 613 1658 667 superscriptum
1682 619 1752 654 est
1773 617 1830 663 N,

351 682 616 723 indicantur.
678 681 801 723 Idem
831 681 1140 735 compendium
1169 679 1215 720 in
1235 679 1490 735 Etymolog.
1512 677 1697 723 Sorbon.
1717 694 1830 723 non-

353 763 580 804 nunquam
599 748 820 804 significat
840 762 998 789 vocem
1017 745 1207 796 ἐνεστώς.

410 816 484 860 Ἐν
503 815 575 872 τῷ,
604 817 648 859 ἐν
666 816 1020 870 τῇ.-Α1·ῒίοι11ι15
1050 815 1284 871 utrobique
1316 816 1534 858 indicatur
1564 817 1638 864 sic,
1663 823 1711 859 ut
1733 817 1829 859 Tau

351 885 566 927 scribatur
586 899 717 940 super
738 887 794 926 ε-ν.
859 899 898 924 v.
916 883 1109 940 Gregor.
1130 900 1171 940 p.
1187 890 1280 932 459,
1303 891 1348 926 et
1372 891 1465 927 539.

375 949 379 950 ⁷
411 952 789 996 'E‘rretdo'zm—-Haec
809 953 1028 1007 particula
1047 952 1094 993 in
1115 954 1302 994 vetustis
1323 954 1544 996 codicibus
1562 968 1677 1010 saepe
1698 970 1827 1011 repe-

351 1023 465 1064 ritur
480 1023 540 1063 sic
562 1022 750 1075 scripta:
780 1017 864 1062 ἔπεὶ
886 1018 921 1061 δ’
938 1014 1004 1062 ἄν.
1055 1035 1096 1061 v,
1115 1019 1315 1075 Append.
1337 1035 1377 1075 p.
1397 1027 1465 1062 26.
1514 1021 1602 1064 Ubi
1622 1025 1827 1067 scribitur

351 1105 431 1146 per
445 1089 764 1144 compendium,
781 1079 807 1129 ἓ
822 1088 1000 1143 ponitur
1019 1100 1150 1142 super
1171 1087 1440 1143 diphthongo
1455 1085 1501 1129 ᾗ.
1534 1090 1633 1130 vide
1646 1093 1824 1134 tab.vn1.

353 1158 471 1199 Hinc
492 1171 582 1199 non
602 1161 746 1212 potest
767 1169 857 1196 non
879 1154 1147 1210 ambiguitas
1163 1156 1311 1196 nasci:
1341 1170 1446 1197 nam
1466 1142 1551 1200 ene-³1
1572 1158 1825 1215 significare

351 1232 493 1282 potest
520 1232 613 1267 tam
639 1219 806 1265 ἐπειδᾶν
827 1223 960 1277 quam
990 1218 1140 1276 ἐπειδή.
1202 1222 1344 1280 Igitur
1375 1225 1493 1267 solus
1524 1228 1599 1281 qui
1628 1227 1826 1282 sequitur

351 1295 478 1336 verbi
496 1294 652 1335 modus
673 1292 800 1332 docet
822 1297 919 1332 utro
941 1291 1072 1332 modo
1098 1291 1337 1347 legendum
1363 1292 1442 1333 sit:
1473 1308 1578 1335 nam
1604 1302 1704 1349 post
1721 1293 1827 1337 ἐπει-

352 1357 432 1403 δὰν
451 1362 647 1415 sequitur
670 1358 982 1415 subjunctivus.
1043 1373 1086 1400 V.
1104 1358 1297 1415 Gregor.
1319 1365 1461 1415 p.165.

407 1426 774 1470 Ἐπενδύνοντο.-
785 1426 1033 1468 Schaeferus
1064 1427 1119 1467 ad
1150 1426 1342 1482 Gregor.
1368 1442 1409 1482 p.
1427 1434 1492 1471 51.
1519 1431 1574 1471 de
1603 1428 1701 1472 hac”
1719 1445 1826 1472 voce

352 1496 414 1537 sic
430 1496 606 1537 scribit:
640 1502 662 1518 ‘⁴
680 1494 983 1551 Augmentum
998 1494 1189 1548 requiro.
1248 1494 1428 1536 Pierson
1445 1498 1501 1538 ad
1514 1497 1658 1541 Moer.
1676 1513 1718 1554 p.
1730 1504 1827 1541 139.

349 1563 534 1619 corrigit
564 1561 868 1605 ἐπενδύονται.”
947 1561 1079 1603 Haud
1115 1561 1373 1616 infrequens
1413 1566 1643 1620 scripturae
1681 1564 1826 1607 diver-

351 1631 453 1673 sitas
472 1630 523 1672 -ῖό
543 1637 587 1672 et
607 1632 678 1672 τ’ῖι
709 1630 755 1671 in
783 1631 906 1672 exitu
925 1632 1166 1672 verborum
1191 1632 1465 1685 passivorum
1495 1634 1600 1674 hinc
1631 1639 1733 1675 orta
1751 1640 1826 1681 est,

353 1701 468 1754 quod
489 1701 719 1741 ambarum
739 1699 1011 1754 syllabarum
1030 1699 1150 1739 idem
1170 1698 1251 1739 fuit
1275 1701 1591 1754 compendium.
1652 1700 1828 1743 Scilicet

350 1768 534 1816 librarii,
555 1774 604 1809 ut
624 1769 703 1810 has
727 1768 922 1823 syllabas
953 1767 1263 1823 significarent,
1287 1767 1431 1809 solum
1458 1770 1486 1809 ἢ
1514 1770 1827 1824 superscripse—

351 1842 458 1877 runt
478 1835 617 1877 literae
640 1835 929 1876 antecedenti.
981 1833 1115 1881 Quod
1136 1835 1173 1875 si
1187 1841 1482 1890 augmentum
1501 1837 1611 1877 nihil
1625 1837 1671 1877 in
1687 1837 1827 1879 verbo

352 1903 612 1945 discriminis
631 1903 746 1950 facit,
762 1902 875 1951 hinc,
891 1904 1062 1958 pariter
1078 1908 1126 1943 ut
1140 1901 1188 1943 in
1204 1902 1406 1956 plurimis
1429 1903 1523 1945 aliis
1544 1904 1828 1957 compendiis,

351 1972 544 2013 nascitur
576 1984 732 2013 sensus
769 1971 1048 2027 ambiguitas,
1085 1969 1153 2010 cui
1184 1971 1300 2011 inter
1330 1970 1579 2026 legendum,
1616 1977 1827 2026 quantum

352 2039 449 2080 fieri
475 2046 629 2094 potest,
652 2054 676 2081 e
707 2041 947 2080 verborum
980 2044 1187 2080 contextu
1219 2038 1444 2080 subveniri
1474 2045 1659 2094 oportet.
1721 2037 1826 2082 E.e.

351 2099 530 2162 πέπραιῖ,
554 2108 667 2160 quod
695 2107 742 2147 in
773 2106 995 2148 codicibus
1016 2105 1189 2147 Libanii
1220 2106 1379 2160 saepius
1409 2107 1606 2161 reperire
1636 2106 1826 2155 memini,

351 2175 442 2231 legi
461 2181 607 2229 potest
626 2182 669 2216 et
687 2174 925 2230 πέπρακται
947 2181 992 2217 et
1010 2173 1238 2229 πέπρακτο.

404 2239 807 2285 ’Em'Oerom—Vide
827 2243 954 2291 infra,
972 2257 1066 2284 voc.
1089 2240 1289 2289 σύνθεσις.

405 2307 653 2365 Ἐπίῤῥημα,
694 2309 1012 2366 ἐπιῤῥημάτικος
1042 2317 1086 2352 et
1118 2306 1457 2365 ἐπιῤῥηματικῶς,
1488 2309 1535 2350 in
1566 2309 1826 2366 grammati-

352 2391 504 2418 corum
519 2377 640 2419 libris
660 2392 795 2419 manu
816 2378 989 2434 scriptis
1008 2391 1324 2431 nonnunquam
1344 2377 1500 2418 eodem
1521 2376 1826 2433 significantur

352 2445 623 2499 compendio,
663 2445 866 2487 videlicet
914 2447 988 2493 sic,
1029 2452 1077 2487 ut
1115 2446 1142 2498 ἢ
1180 2444 1344 2499 duplici
1390 2446 1416 2498 ῥ
1458 2442 1826 2499 superscribatur.

351 2513 465 2554 Vide
499 2513 577 2554 has
608 2527 740 2554 voces
773 2528 828 2555 ex
856 2513 1008 2569 Etym.
1040 2512 1174 2554 Paris.
1255 2511 1306 2552 In
1341 2511 1526 2552 Scholiis
1557 2512 1740 2554 Venetis
1771 2513 1827 2553 ad

350 2579 477 2621 Hom.
517 2579 565 2621 Il.
598 2582 649 2622 Δ.
674 2586 765 2623 186.
799 2582 1026 2622 festinatio
1056 2578 1288 2624 Villoisoni
1327 2578 1528 2633 procudit
1565 2579 1825 2620 adverbium

350 2648 529 2689 fabricae
559 2649 690 2703 plane
719 2648 948 2696 mirabilis,
977 2645 1372 2704 ἐπιῤῥηματοπικῶς,
1393 2661 1476 2702 pro
1506 2660 1591 2702 quo
1620 2645 1824 2702 ἐπίῤῥημα

350 2711 519 2756 τοπικὸν
538 2716 779 2773 legendum
804 2723 885 2759 est.
947 2716 1060 2758 Vide
1080 2717 1159 2758 has
1178 2730 1309 2757 voces
1329 2729 1353 2756 e
1375 2714 1484 2756 Cod.
1500 2713 1615 2756 Ven.
1636 2714 1684 2755 B.

396 2780 678 2826 ’Em'm-—De
698 2782 802 2826 nota
822 2782 1169 2841 tachygraphica
1187 2783 1315 2839 hujus
1329 2783 1508 2831 voculae,
1524 2795 1655 2837 quam
1676 2783 1824 2838 saepis-

349 2849 457 2890 sime
479 2865 579 2893 cum
601 2847 647 2894 δὲ
677 2853 983 2900 confuderunt,
1005 2866 1139 2908 supra
1159 2865 1198 2894 V.
1223 2846 1268 2893 δὲ
1290 2850 1452 2892 dictum
1472 2857 1562 2892 estc
1608 2849 1712 2892 Alia
1730 2851 1824 2907 ejus
