1976 3288
334 238 392 278 38
857 245 1121 272 INTEGRARUM
1140 245 1287 273 vocum.

338 351 387 386 ut
409 345 491 386 hoc
512 349 624 390 utar,
646 342 693 382 in
714 338 1048 382 Anti-Atticista
1068 339 1109 379 S.
1132 339 1282 380 Germ.
1303 353 1394 380 non
1414 339 1604 381 dedisset
1631 338 1812 382 ἀποστό-

338 429 466 468 μασις
493 426 576 467 pro
607 406 690 452 ἀπὸ
710 407 796 464 (ex.
817 406 864 461 8)
895 406 1114 461 στόματος,
1145 408 1181 448 si
1211 407 1470 463 praepositio
1502 403 1585 449 ἀπὸ
1615 407 1811 463 sejuncta

337 483 494 522 fuisset
514 493 541 520 a
559 479 738 519 nomine
759 475 908 531 στόμα.

397 542 919 600 Ἀποβολή.-Νοωίῐιιιω
937 545 984 585 in
1005 540 1096 596 ἦ,
1112 558 1148 586 e.
1160 558 1195 584 c.
1217 538 1424 598 ἀποβολὴ,
1438 545 1564 587 varia
1578 550 1681 587 sunt
1697 557 1814 586 com-

341 617 514 673 pendia.
572 615 706 658 Nunc
745 614 863 656 enim
901 613 1098 669 pingitur
1139 629 1251 655 αποιι
1289 614 1587 667 superscripto
1622 627 1659 661 ο,
1695 625 1814 654 nunc

342 701 488 731 απααο,
511 683 814 762 superscripto
843 688 884 727 λ,
915 693 1032 721 nunc
1064 669 1160 724 οἰτιόλ
1221 679 1325 722 Pari
1358 681 1572 722 varietate
1605 682 1815 722 scribitur

343 746 462 801 over-⁷⁰3
495 766 627 793 συστο
658 757 704 791 et
735 765 815 796 συς
855 762 886 789 s.
919 734 983 790 0³3
1012 761 1093 803 pro
1133 742 1814 804 cuo-TonJ.V.Greg01-.p.456.

341 821 620 862 Postremum
641 817 949 873 compendium
967 817 1088 857 vocis
1113 810 1301 869 συστολὴ
1333 816 1529 870 suspicor
1557 816 1604 858 in
1623 816 1813 897 Gregor.

342 904 381 944 p.
397 893 492 930 601.
528 902 610 943 pro
641 877 695 928 σλυ
684 878 969 942 λ(συλλαβὴ)
998 888 1235 938 sumptum,
1268 883 1295 924 i.
1305 898 1343 925 e.
1378 898 1511 926 voces
1547 879 1738 938 συστολὴ
1768 891 1815 927 et

344 950 549 1009 συλλαβὴ
583 955 784 996 confusas
817 966 923 994 esse.
1002 950 1222 993 Caeterum
1242 953 1424 993 nomina
1449 952 1496 994 in
1524 957 1624 995 ολια
1646 952 1818 1002 iisdem,

344 1024 503 1078 quibus
535 1023 717 1064 nomina
748 1022 796 1062 in
830 1019 911 1071 5557·
947 1020 1198 1062 scribuntur
1232 1021 1714 1076 compendiis—Voces
1747 1019 1816 1064 διὰ

343 1087 398 1133 τὰ
418 1089 504 1147 (ex.
520 1090 562 1144 l)
581 1088 784 1143 σύμβολα
807 1094 992 1143 sumptae
1012 1094 1114 1130 sunt
1134 1103 1159 1129 e
1179 1087 1283 1130 Cod.
1301 1088 1343 1130 S.
1361 1088 1513 1132 Germ.
1529 1095 1624 1131 345.

400 1157 801 1213 Ἀπορία.-8ω·ἰ1)ει
819 1157 923 1199 Cod.
946 1157 1141 1214 Gregor.
1160 1163 1284 1199 2423.
1304 1158 1418 1199 hanc
1439 1172 1593 1200 vocem
1613 1172 1816 1213 compen-

345 1228 465 1269 diose
497 1228 558 1268 sic
591 1226 754 1273 scribit,
781 1232 831 1267 ut
856 1239 1039 1267 cernere
1068 1226 1170 1266 licet
1197 1225 1243 1266 in
1272 1239 1413 1267 exem.
1433 1230 1466 1269 1.
1527 1226 1702 1269 Caetera
1731 1227 1819 1268 duo

347 1295 551 1350 exempla
570 1295 765 1351 ejusdem
787 1293 908 1336 vocis
937 1299 1112 1349 sumpta
1140 1300 1240 1335 sunt
1265 1308 1290 1335 e
1313 1295 1472 1350 glossis
1501 1294 1820 1351 marginalibus

346 1363 667 1404 recentioribus
695 1362 867 1404 Codicis
896 1361 1166 1419 Hermogen.
1190 1367 1316 1404 1983.
1376 1361 1509 1409 Quod
1539 1364 1594 1404 ad
1620 1361 1817 1420 Gregor.

344 1446 385 1486 p.
404 1436 499 1473 436.
521 1446 546 1472 e
564 1431 724 1473 Codice
744 1431 927 1472 Dorvill.
946 1430 1148 1472 Erotiani
1179 1431 1312 1472 citavi
1333 1420 1459 1478 ἀπέα,
1480 1432 1592 1472 nihil
1612 1436 1680 1473 est
1700 1431 1820 1473 aliud

347 1512 478 1553 quam
505 1512 741 1554 perperam
767 1499 930 1540 lectum
959 1496 1126 1552 ἀπορία,
1187 1496 1347 1539 Lector
1375 1498 1501 1540 facile
1529 1498 1762 1555 intelliget,
1793 1513 1820 1552 ρ

347 1565 693 1622 superscriptum
733 1567 898 1608 habere
929 1565 1258 1607 similitudinem
1296 1579 1396 1607 cum
1433 1582 1465 1607 8.
1544 1565 1738 1608 Nomina
1772 1565 1820 1607 in

348 1650 503 1689 ηγορια
532 1633 662 1676 simili
683 1633 934 1675 indicantur
961 1633 1244 1688 compendio:
1275 1633 1417 1675 literae
1449 1634 1568 1676 enim
1598 1629 1640 1677 ΪΪ
1669 1648 1821 1690 super-

349 1701 604 1743 scribuntur
628 1698 702 1754 ΪῨο,
736 1701 904 1743 duobus
936 1701 1111 1756 punctis
1145 1714 1262 1741 nunc
1299 1700 1462 1748 additis,
1492 1715 1609 1743 nunc
1640 1702 1821 1744 omissis.

349 1768 448 1810 Duo
469 1770 562 1810 haec
581 1775 745 1823 puncta
764 1770 915 1810 valent
934 1782 1017 1824 pro
1042 1770 1059 1810 ῖ
1096 1768 1267 1816 omisso,
1288 1774 1600 1824 ponunturque
1621 1770 1676 1811 ab
1697 1782 1824 1811 accu-

348 1838 590 1879 ratioribus
612 1836 782 1885 scribis,
801 1842 851 1877 ut
871 1835 1150 1878 substantiva
1167 1836 1245 1878 illa
1265 1838 1319 1878 ab
1349 1837 1575 1892 adjectivis
1593 1837 1640 1880 in
1659 1852 1822 1894 ηγορος,

350 1917 538 1958 quorum
578 1906 733 1946 eadem
772 1910 876 1945 sunt
916 1904 1185 1963 compendia,
1225 1903 1423 1960 dignosci
1453 1906 1641 1960 possint.
1709 1907 1825 1950 Vide

351 1973 488 2013 etiam
505 1972 622 2014 infra
640 1974 686 2013 in
706 1986 815 2013 voce
836 1970 1082 2027 κατηγορία.

409 2038 890 2087 Ἀππιανός.-Νοῐῐιίηα
922 2040 970 2080 in
1001 2040 1101 2087 αΤος
1131 2041 1391 2094 compendio
1425 2041 1597 2083 solenni
1625 2041 1686 2084 sic
1716 2044 1824 2085 scri-

353 2110 528 2154 buntur,
549 2114 608 2154 ut,
632 2106 803 2162 syllaba
823 2108 891 2155 170}
909 2108 1040 2162 plane
1060 2105 1232 2155 omissa,
1255 2108 1397 2164 Alpha
1418 2122 1552 2163 super
1573 2109 1672 2152 Iota
1691 2124 1826 2164 pona·

352 2181 437 2217 tur.
468 2190 508 2216 v.
523 2171 744 2223 Ἀππιανὸς
764 2181 809 2216 et
827 2171 1039 2230 Ἀῤῥιανὸς
1057 2190 1081 2216 e
1098 2174 1203 2218 Cod.
1221 2175 1263 2217 S.
1281 2175 1434 2218 Germ.
1452 2174 1544 2231 περὶ
1571 2175 1826 2232 συντάξεως.

353 2242 574 2284 Accentus
606 2241 840 2297 saepissime
870 2242 1130 2299 negligitur.
1191 2242 1257 2284 De
1288 2244 1451 2298 duplici
1481 2246 1516 2284 ff
1541 2244 1587 2285 in
1605 2241 1827 2295 Ἀππιανός

355 2324 526 2358 moneo,
548 2316 815 2365 postremam
834 2310 998 2351 lineam
1017 2309 1177 2364 prioris
1196 2310 1469 2366 primamque
1495 2312 1752 2367 posterioris
1779 2314 1827 2355 in

355 2393 481 2419 unum
509 2378 690 2419 ductum
716 2377 926 2419 contrahi.
987 2376 1095 2419 Haec
1117 2380 1360 2420 contractio
1384 2380 1610 2434 facilisque
1639 2379 1828 2422 colluvio

354 2446 646 2488 rotundorum
665 2444 823 2486 calami
842 2445 1050 2486 ductuum
1069 2445 1116 2486 in
1135 2445 1380 2488 minuscula
1409 2446 1625 2503 scriptura
1647 2448 1826 2496 faciunt,

355 2520 405 2554 ut
427 2514 583 2568 saepius
602 2513 731 2554 modo
750 2526 878 2554 unum
893 2515 927 2552 ΐτ
945 2513 1043 2554 loco
1062 2513 1250 2554 duorum
1268 2513 1418 2555 videre
1437 2514 1521 2557 tibi
1540 2514 1739 2557 videaris.

415 2578 549 2627 Quod
584 2578 674 2620 dixi
708 2579 1016 2634 compendium
1049 2580 1280 2622 nominum
1311 2580 1358 2623 in
1391 2581 1500 2631 W,
1534 2581 1701 2636 passim
1730 2593 1828 2635 per·

355 2661 510 2702 peram
530 2651 763 2701 acceptum
782 2654 863 2688 est.
925 2646 1100 2688 Scilicet

419 2711 478 2770 l.)
504 2720 679 2769 partem
704 2715 870 2757 horum,
893 2715 1122 2756 nominum
1151 2716 1359 2757 omissam
1387 2730 1478 2758 non
1504 2716 1829 2772 suppleverunt.

360 2795 410 2822 ac
430 2783 562 2824 modo
582 2797 694 2832 eam,
715 2797 812 2838 quae
840 2797 944 2826 vere
977 2783 1144 2839 scripta
1173 2790 1305 2832 esset,
1326 2785 1556 2841 legerunt:
1599 2785 1674 2840 qui
1702 2799 1830 2828 error

360 2849 537 2892 omnino
565 2852 611 2892 in
639 2851 906 2906 compendiis
941 2865 1102 2894 vocum
1133 2852 1335 2908 legendis
1368 2859 1432 2896 est
1461 2853 1597 2911 longe
1627 2854 1830 2922 frequen·
