1976 3288
350 234 408 275 48
872 248 1138 276 mTEGRARUM
1159 248 1305 277 vocum.

349 353 395 389 et
416 359 528 395 xn1.;
567 360 819 402 quanquam
847 349 1145 404 conjecturam
1167 348 1221 393 ,ἐν
1254 347 1451 407 Μητίχου
1483 350 1650 406 καλλίῳ
1671 366 1753 408 pro
1780 353 1824 396 ἐν

350 417 500 472 Μηλίῳ
540 413 652 459 κατὰ
693 423 859 459 certam
896 418 1111 472 planeque
1156 418 1451 460 indubitatam
1497 433 1589 461 non
1636 418 1826 462 dixerim

350 485 411 542 (v.
442 486 641 541 Append.
682 500 722 541 p.
751 482 837 539 43).
915 484 1013 526 Hoc
1052 491 1199 527 tamen
1236 500 1369 528 nemo
1409 487 1629 530 dubitabit
1668 501 1831 530 vocem·

349 552 530 597 κάλλιον
567 569 647 610 per
688 553 994 609 compendium
1043 552 1105 594 sie
1156 553 1289 596 scribi
1334 556 1537 610 potuisse,
1575 562 1624 597 ut
1662 557 1753 598 tab.
1783 570 1823 596 x.

347 623 547 666 indicavi.
619 622 792 665 Verum
831 621 1006 676 quidem
1043 627 1125 669 est,
1158 623 1236 663 ubi
1277 624 1624 678 superscribitur
1663 624 1824 679 duplex

350 692 555 740 Lambda,
577 691 732 746 saepius
754 691 859 745 poni
878 687 940 732 ff
958 687 1061 744 (hac
1079 687 1266 745 forma):
1301 691 1377 732 sed
1398 692 1570 745 quando
1589 698 1826 748 usurpatur

350 761 438 802 tale
459 760 663 805 Lambda,
687 759 814 814 quale
842 773 877 800 e.
900 773 935 800 c.
962 758 1012 799 in
1034 772 1143 800 voce
1161 755 1392 816 Ἀχιλλέως
1423 766 1616 814 apparet,
1639 773 1720 815 pro
1750 761 1826 802 du-

351 827 454 883 plici
483 826 611 869 litera
642 828 819 882 ponitur
849 826 1047 882 simpleX,
1078 827 1193 868 unde
1226 827 1368 882 major
1398 828 1531 868 etiam
1560 829 1827 885 ambiguitas

356 897 526 945 existit;
569 909 675 937 nam
709 895 765 936 a}
803 895 1145 949 superscriptum
1183 895 1348 936 habens
1374 895 1577 943 Lambda,
1608 895 1827 938 infinitam

351 964 676 1006 multitudinem
706 977 863 1005 vocum
893 963 1143 1020 significare
1173 969 1329 1018 potest,
1352 978 1448 1019 quae
1475 978 1648 1019 quoque
1674 965 1773 1006 loco
1800 978 1826 1004 e

352 1038 563 1074 contextu
599 1033 841 1073 verborum
880 1031 1168 1086 conjectando
1208 1033 1414 1073 eruendae
1454 1039 1564 1074 sunt.
1640 1032 1826 1075 Timaeus

354 1101 458 1142 Lex.
477 1099 650 1141 Platon.
697 1114 738 1140 v.
755 1096 1041 1152 Ποτνιὼμενος
1060 1098 1301 1141 ἐπικαλεῖτο
1321 1094 1400 1140 σὺν
1419 1097 1544 1153 λύπῃ.
1585 1099 1828 1142 Verisimil-

350 1169 506 1210 limum
545 1175 619 1216 est,
659 1168 706 1209 in
743 1167 871 1216 libro,
910 1181 1040 1222 quem
1081 1167 1227 1209 scriba
1267 1167 1308 1208 S.
1346 1167 1498 1209 Germ.
1540 1167 1827 1222 transcripsit,

349 1236 482 1278 fuisse
530 1252 664 1283 επικα,
710 1235 1005 1291 superscripto
1045 1235 1239 1277 Lambda
1287 1236 1412 1290 quod,
1453 1235 1566 1278 serie
1614 1235 1824 1277 orationis

348 1310 585 1359 praeeunte,
615 1304 712 1360 legi
742 1304 940 1358 oportuit
968 1301 1303 1357 ἐπικαλούμενος,
1330 1317 1421 1344 non
1450 1302 1700 1350 ἐπικαλεῖτο,
1730 1316 1824 1357 quae

350 1385 437 1412 vox
464 1385 521 1412 ne
544 1370 704 1413 Graeca
728 1372 905 1426 quidem
935 1377 1016 1412 est.
1076 1371 1250 1413 Nomen
1288 1373 1515 1425 proprium
1541 1368 1828 1428 Καλλίμαχος

351 1441 487 1496 vulgo
523 1440 726 1481 scribunt
761 1439 845 1479 hoc
882 1438 1151 1492 compendio,
1184 1427 1394 1491 Καλλιμᾶ
1429 1446 1503 1480 aut
1534 1429 1704 1482 Komd‘:
1749 1441 1828 1481 sed

350 1507 468 1549 idem
494 1521 656 1548 nomen
687 1508 733 1547 in
754 1505 937 1548 Scholiis
956 1506 1138 1548 Venetis
1167 1508 1221 1548 ad
1243 1507 1489 1549 Homerum
1516 1508 1742 1563 aliquoties
1766 1509 1828 1550 sic

350 1576 516 1631 pictum
540 1575 644 1623 vidi,
664 1580 713 1615 ut
739 1575 927 1615 verbum
955 1571 1136 1617 κάλλιον
1164 1575 1358 1616 effictum
1392 1575 1546 1617 cernis.
1607 1574 1727 1616 Idem
1755 1581 1826 1617 est

348 1643 657 1698 compendium
678 1641 864 1683 nominis
883 1641 1052 1696 proprii
1072 1639 1283 1690 Καλλίας.

407 1708 846 1765 Καλούμενος.-Ηειο
869 1710 917 1751 in
942 1724 1050 1751 voce
1076 1710 1278 1751 indicabo
1309 1710 1616 1764 compendium
1643 1709 1824 1766 partici-

346 1781 520 1834 piorum
539 1779 697 1833 passiV.
719 1778 763 1818 in
784 1794 903 1831 μενος
924 1778 1105 1819 solenne
1128 1777 1358 1832 scripturae
1380 1783 1474 1818 tam
1494 1776 1675 1819 uncialis
1693 1791 1825 1831 quam

350 1848 617 1888 minusculae.
680 1844 813 1886 Redit
837 1846 940 1893 haec,
963 1852 1011 1886 ut
1036 1842 1057 1887 ἓ
1079 1846 1296 1887 scribatur
1315 1859 1448 1900 super
1467 1845 1507 1899 ᾗ,
1530 1851 1574 1887 et
1598 1845 1827 1887 omittatur

347 1916 520 1971 syllaba
538 1914 683 1955 finalis
706 1913 783 1960 1753,
805 1912 865 1964 W,
890 1911 969 1959 W,
994 1911 1073 1953 &c.
1133 1912 1205 1953 Sic
1233 1903 1349 1968 ἀγορ
1383 1927 1464 1967 pro
1502 1912 1700 1969 ἀγομένη,
1729 1929 1827 1955 συν-

347 1977 517 2038 ‘rao-0052
540 1996 623 2038 pro
647 1980 981 2035 συντασσομένη.
1044 1981 1224 2023 Talibus
1250 1982 1355 2023 locis
1381 1981 1549 2028 scribae,
1576 1995 1677 2022 cum
1708 1981 1826 2023 aliud

348 2057 543 2108 agerent,
572 2065 662 2091 non
695 2051 904 2105 legebant
935 2049 1022 2090 nisi
1051 2063 1146 2104 quae
1179 2049 1342 2105 scripta.
1372 2055 1511 2098 erant,
1538 2049 1670 2104 plane
1700 2049 1828 2091 obliti

347 2119 531 2175 syllabae
546 2118 689 2159 finalis
703 2117 775 2165 ἷὸξ
789 2123 891 2166 etc.;
917 2118 994 2158 sed
1010 2119 1186 2171 quando
1200 2119 1293 2159 haec
1308 2117 1582 2172 passivorum
1593 2118 1826 2172 participia.

349 2186 657 2241 compendiose
692 2185 958 2234 scribuntur,
994 2185 1133 2226 multo
1168 2186 1266 2240 plus
1303 2199 1432 2240 quam
1467 2184 1610 2226 exitus
1642 2186 1711 2233 35}
1743 2190 1824 2226 etc.

349 2254 492 2296 omitti
511 2259 667 2308 potest.
727 2252 772 2294 E.
791 2268 825 2294 c.
848 2241 902 2304 σῆ
921 2252 1154 2308 saepissime
1180 2253 1387 2296 scribitur
1407 2267 1489 2307 pro
1509 2251 1822 2307 σημαινόμενον,

349 2308 398 2374 δῆ
425 2336 506 2377 pro
528 2319 782 2375 δηλούμενον
804 2337 840 2362 κ.
862 2337 898 2363 τ.
920 2324 961 2362 λ.

406 2390 531 2432 Alius
557 2390 714 2430 modus
739 2389 930 2443 syllabas
953 2406 1073 2442 μενος
1093 2389 1397 2443 compendiose
1418 2389 1638 2430 scribendi
1656 2389 1728 2429 hic
1748 2394 1823 2434 est,

347 2466 396 2500 ut
429 2459 542 2500 solas
576 2458 729 2498 literas
762 2453 822 2510 [ἶιῖ
851 2458 1148 2511 superscribas
1185 2457 1329 2497 vocali
1370 2456 1652 2497 antecedenti.
1712 2453 1825 2496 Vide

347 2539 479 2568 voces
512 2523 714 2579 ἐρώμενος
738 2530 783 2565 et
805 2523 1062 2578 κτησάμενος
1082 2538 1106 2564 e
1128 2522 1235 2564 Cod.
1255 2523 1393 2564 Paris.
1418 2528 1509 2564 133.
1570 2522 1744 2563 Literas
1770 2521 1826 2574 ᾖν

347 2596 412 2636 ita
437 2593 754 2649 superscriptas
774 2594 938 2647 passim
959 2592 1251 2633 confuderunt
1271 2604 1369 2631 cum
1389 2591 1531 2631 literis
1549 2586 1617 2642 Ῑῖν,
1639 2602 1825 2642 quarum

346 2675 452 2703 usus
492 2668 556 2703 est
596 2661 650 2702 ad
689 2661 944 2702 indicandas
991 2660 1181 2714 syllabas
1219 2658 1370 2700 finales
1408 2674 1549 2712 ματος,
1586 2656 1700 2710 μῖᾶῗῆ,
1739 2660 1822 2697 etc.

348 2730 408 2786 (v.
431 2728 622 2785 Gregor.
643 2743 683 2783 p.
704 2726 785 2778 19).
843 2728 957 2770 Vide
988 2741 1119 2768 voces
1150 2724 1209 2780 τῷ
1246 2723 1332 2782 (ex.
1350 2723 1395 2780 4)
1427 2720 1639 2779 νοσήματι,
1674 2739 1826 2778 κατορ-

348 2795 520 2850 θώματι,
550 2810 604 2837 ex
626 2796 718 2837 eod.
742 2795 845 2836 Cod.

407 2862 765 2906 Kard.—-Varia
807 2863 933 2916 hujus
973 2860 1300 2916 praepositionis
1341 2858 1598 2914 compendia
1637 2859 1825 2910 lectores

1947 2730 1949 2733 —
1935 2586 1966 2699 ..3303qu
1948 2444 1966 2563 «μς-ψυκτ-
1951 2403 1954 2419 ·’
1950 2291 1962 2361 .„.-·.
1956 2263 1957 2267 „
1960 2238 1961 2243 „

1928 2952 1971 3288 mwfflxvssmegx
1942 2906 1944 2911 ·
1942 2811 1973 2839 „j
1962 2767 1965 2769 .
