1976 3288
679 205 948 241 mwfflxmuu
975 204 1126 233 vocum.
1579 191 1636 234 39

164 303 366 349 tuimus.
424 304 498 346 Sic
526 302 573 345 in
594 302 845 359 Etymolog.
867 301 931 343 M.
952 302 1227 356 interpretor
1257 305 1514 356 corruptum
1534 302 1633 342 Διο-

162 371 300 430 γενία,
319 385 403 428 pro
421 384 560 425 eoque
582 371 684 426 lego
706 367 989 425 Διογενιανός.
1047 382 1088 409 v.
1108 367 1301 425 Gregor.
1321 383 1363 424 p.
1381 374 1478 411 242.

183 471 188 476 ’
226 445 286 502 2.)
313 447 343 488 ἆ
373 445 715 501 superscriptum
748 443 888 485 literae
919 445 939 483 ῖ
975 443 1224 484 habuerunt
1256 456 1337 496 pro
1369 439 1539 497 syllaba
1573 445 1635 489 313·-

168 512 276 556 Inde
297 518 447 555 ortum
465 512 672 554 vitiosum
687 509 873 559 Ἀππίας,
894 525 975 566 pro
1005 524 1091 566 quo
1109 506 1333 559 Ἀππιανὸς
1359 510 1639 551 scribendum

166 586 243 624 est.
301 579 476 623 Passim
496 587 645 622 autem
665 597 693 621 α
713 581 1061 634 superscriptum
1076 578 1263 620 valuisse
1283 592 1365 633 pro
1385 575 1555 632 syllaba
1573 578 1636 625 ἷΐς,

163 649 232 692 uti
250 652 279 692 ’ὁ
307 648 655 704 superscriptum
674 662 755 703 pro
774 646 945 703 syllaba
976 647 1021 696 ὃς
1050 647 1182 693 valet,
1204 659 1361 687 verum
1391 651 1471 691 est,
1505 658 1637 699 appa-

84 739 89 742 ·
166 722 334 773 retque,
349 716 436 766 alia
454 723 503 758 ut
522 717 735 762 omittam,
751 730 806 756 ex
826 715 1076 772 Etymolog.
1099 714 1284 756 Sorbon.
1326 727 1366 753 v.
1381 726 1512 754 voces
1530 711 1638 766 ἡμᾶς

166 789 213 827 et
245 783 394 841 φορᾶς.
472 782 650 824 Pariter
681 784 1024 837 superscriptum
1052 783 1074 824 ἓ
1101 783 1148 823 in
1171 781 1420 838 Etymolog.
1452 779 1636 822 Sorbon.

165 851 387 894 interdum
418 850 636 907 signifieat
673 851 892 906 syllabam
925 852 979 898 ἕξ.
1059 849 1173 892 Vide
1206 863 1335 890 voces
1372 848 1639 903 ἀνδρόμηκες,

164 918 374 976 γυναῖκες,
392 924 436 960 et
455 917 654 973 ἐπίμηκες.
706 919 795 960 Pro
815 919 971 960 ultimo
993 917 1217 973 adjectivo,
1233 916 1278 957 id
1294 917 1410 971 quod
1430 918 1476 957 in
1495 923 1639 957 trans-

163 999 297 1030 cursu
325 1001 498 1036 moneo,
526 988 574 1028 in
602 986 856 1042 Etymolog.
880 985 943 1028 Μ,
964 1000 1005 1041 Ρ.
1025 991 1117 1032 170,
1137 991 1203 1028 33.
1225 991 1270 1027 et
1295 992 1390 1032 338,
1413 991 1449 1026 4.
1470 986 1640 1041 legitur

168 1055 315 1097 forma
347 1052 552 1109 ἔπίμηκος.
631 1054 719 1095 Sed
754 1054 977 1095 assentior
1011 1053 1252 1110 Sylburgio
1287 1054 1540 1108 praeferenti
1574 1049 1639 1095 ἐπὶ

167 1122 306 1177 μῆκος.
366 1121 481 1164 Vide
511 1136 607 1177 quae
638 1122 691 1163 de
719 1120 1008 1163 connexione*
1018 1121 1378 1176 praepositionum
1407 1135 1508 1162 cum
1538 1123 1640 1163 sub-

164 1190 358 1232 stantivo
378 1195 584 1244 sequente
605 1190 651 1230 in
668 1202 778 1230 voce
798 1184 882 1230 ἀπὸ
903 1188 1003 1229 dixi.
1066 1188 1267 1242 Denique
1295 1189 1642 1243 superscriptum

167 1255 204 1297 ὃ
220 1256 269 1298 in
286 1255 539 1312 Etymolog.
563 1255 747 1298 Sorbon.
767 1254 987 1309 reperitur
1006 1269 1088 1310 pro
1114 1254 1283 1311 syllaba
1302 1256 1368 1303 αἶ.
1428 1268 1469 1295 v.
1486 1268 1642 1296 vocem

164 1323 386 1379 ὖξιηόνως.

225 1389 550 1448 Ἀρα.-Ηιι]ιιε
569 1392 794 1446 particulae
813 1391 1007 1446 primum
1028 1392 1277 1447 exemplum
1297 1406 1323 1433 e
1345 1390 1451 1433 Cod.
1467 1391 1640 1434 Platon.

174 1465 297 1502 1807.
327 1465 556 1514 sumptum
590 1466 668 1501 est.
730 1459 932 1500 Alterum
962 1461 1225 1514 exemplum,
1246 1459 1376 1514 idque
1408 1461 1640 1506 recentius,

168 1528 206 1570 εἰ
221 1521 279 1581 μὴ
295 1524 386 1583 (ex.
394 1530 438 1579 2)
459 1521 547 1580 ἄρα
567 1520 755 1580 εἴπωμεν,
770 1525 847 1567 ubi
867 1526 1103 1582 angulosus
1125 1527 1280 1569 ductus
1300 1527 1407 1569 abiit
1422 1527 1469 1567 in
1486 1532 1643 1568 rotun-

166 1594 283 1642 dum,
304 1594 488 1635 debetur
507 1592 659 1635 Codici
678 1593 818 1635 Paris.
835 1597 927 1634 133.

166 1683 171 1689 ·
225 1660 789 1717 ’Apeaerrorre‘hnss-Nominis
808 1663 935 1718 hujus
964 1663 1271 1717 compendiose
1299 1662 1518 1704 scribendi
1547 1675 1642 1704 mo-

170 1729 253 1770 dus
283 1728 658 1784 frequentissimus
688 1728 759 1770 hic
789 1734 866 1775 est,
885 1734 934 1770 ut
961 1729 1131 1785 syllaba
1149 1728 1225 1780 7137}
1246 1728 1487 1775 omittatur,
1513 1734 1642 1783 atque

169 1796 193 1840 ἔ
221 1798 571 1852 superscribatur
599 1796 739 1838 literae
771 1797 876 1839 Tau.
936 1796 1008 1838 Sic
1036 1797 1207 1838 factum
1234 1796 1280 1836 in
1299 1796 1403 1838 Cod.
1424 1796 1467 1837 S.
1486 1796 1641 1838 Germ.

171 1870 271 1908 34⁵.
331 1863 443 1906 Aliis
470 1864 516 1905 in
548 1864 776 1912 codicibus,
798 1866 935 1920 iisque
964 1865 1263 1906 recentiorum
1291 1870 1553 1919 temporum,
1574 1878 1644 1905 re-

167 1930 338 1988 peritur
371 1933 502 1974 etiam
534 1921 698 1986 ἀριστῖῗ.
778 1932 826 1974 Si
859 1932 1124 1974 omittuntur
1158 1933 1254 1974 duae
1290 1932 1471 1987 syllabae
1506 1937 1644 1983 τελης,

170 1999 592 2056 'superscribiturque
622 2001 657 2046 ὅ,
690 2000 805 2054 quod
834 2005 973 2041 restat
1004 2000 1094 2056 legi
1121 2006 1266 2055 potest
1299 1994 1492 2054 ἄριστοςι
1525 2000 1642 2041 unde

167 2071 272 2108 orta
296 2066 496 2108 confusio
526 2067 754 2108 nominum
779 2061 951 2122 ἄριστος
980 2072 1024 2108 et
1046 2065 1345 2121 Ἀριστοτέλης.
1399 2067 1568 2111 Eadem
1588 2069 1643 2109 de

169 2132 304 2177 nausii
332 2129 467 2190 σοφὸς
485 2139 532 2174 et
553 2135 786 2190 Σοφοκλῆς,
807 2133 923 2188 ξένος
953 2141 997 2176 et
1029 2134 1238 2190 Ξενοφῶν,
1271 2134 1396 2189 δῆμος
1425 2141 1472 2175 et
1500 2137 1639 2188 Δημο·

173 2200 334 2253 σθένης,
347 2197 438 2248 ἴσος
455 2206 501 2241 et
520 2199 774 2255 Ἰσοκράτης,
789 2202 1127 2250 confunduntur,
1139 2202 1214 2243 ubi
1233 2202 1325 2243 haec
1343 2203 1524 2244 nomina
1541 2217 1643 2258 pro-

171 2269 273 2326 pria
304 2281 385 2322 per
419 2269 678 2323 compendia
708 2269 770 2310 sic
801 2275 1024 2316 notantur,
1056 2276 1105 2311 ut
1134 2270 1157 2311 ὅ
1184 2271 1530 2326 superscriptum
1559 2286 1643 2327 pro

173 2333 345 2392 syllaba
364 2336 408 2384 ἴς
427 2336 583 2378 haberi
602 2338 749 2392 possit.

231 2402 384 2458 Ἅρμα,
414 2398 848 2458 ἅρματος-Νεῶνα
875 2407 922 2447 in
952 2404 1014 2460 ᾗῐι
1043 2407 1288 2448 desinentia
1318 2407 1452 2462 prisci
1482 2406 1640 2448 scribae

175 2474 337 2516 talibus
366 2475 633 2528 compendiis
665 2474 956 2530 scripserunt;
999 2490 1080 2518 e.c.
1103 2470 1190 2530 ἅρῇ
1218 2474 1309 2532 (sic,
1346 2482 1527 2518 accentu
1558 2477 1642 2517 im-

173 2541 314 2598 posito
333 2540 470 2596 priori
484 2541 639 2598 Alphea,
653 2543 880 2597 alteroque
900 2544 1043 2600 Alpha
1061 2541 1375 2599 superscripto)
1391 2543 1643 2598 significare

175 2615 334 2665 potest,
363 2613 401 2650 1.
421 2605 552 2663 ἅρμα,
589 2616 624 2651 2.
646 2605 845 2664 ἅρματος,
880 2617 919 2653 3.
940 2607 1108 2665 ἅρματι,
1140 2617 1175 2653 4.
1197 2607 1373 2666 ἅρματε,
1403 2617 1439 2651 5.
1457 2606 1642 2664 ἅρματα,

178 2682 217 2718 6.
233 2672 405 2730 ἅρμασι.
465 2675 517 2716 In
538 2677 804 2732 compendiis
825 2683 950 2718 2-6.
968 2679 1163 2732 itemque
1192 2679 1239 2719 in
1267 2678 1320 2720 iis
1348 2692 1446 2734 quae
1476 2678 1643 2735 signifi—

179 2749 284 2786 cant
303 2739 508 2797 ἁρμάτων
522 2750 567 2785 et
580 2741 794 2799 ἁρμάτων,
807 2747 1047 2788 secundum
1061 2747 1266 2803 regulam
1280 2747 1418 2788 literae
1435 2749 1467 2800 ᾗ
1484 2747 1647 2808 {incola

175 2826 318 2869 parva
337 2813 468 2855 ductu
486 2819 745 2857 transverso
762 2816 1023 2871 adponenda
1044 2821 1122 2862 est,
1144 2815 1250 2870 (sie:
1280 2810 1393 2873 c‘z‘pfil,
1413 2810 1540 2873 ἁρμῖμ)
1561 2813 1645 2871 qua
