1976 3288
353 219 411 260 42
871 233 1138 261 INTEGRARUM
1168 234 1317 263 vocum.

351 328 569 374 scribitur,
592 333 639 368 ut
660 326 803 383 Alpha
833 335 1024 383 ponatur
1045 342 1180 384 super
1199 330 1352 372 literas
1381 330 1449 386 Ῠβ.
1509 331 1595 374 Sed
1624 333 1707 375 hoc
1731 334 1830 391 γρἼ,

350 411 387 438 e.
406 411 442 438 c.
469 397 756 438 antecedente
797 397 982 439 articulo
1016 393 1076 444 τὸ,
1112 398 1244 439 etiam
1283 400 1609 443 substantivum
1648 401 1829 458 γράμμα

350 466 600 522 significare
635 472 790 520 potest.
865 467 963 508 Hoc
1003 467 1325 509 substantivum
1359 483 1460 510 cum
1493 466 1674 527 πρᾶγμα
1710 486 1830 529 saepe

352 535 659 576 confuderunt.

411 602 865 658 A5.—Compendium
895 602 1024 658 hujus
1055 603 1280 657 particulae
1311 604 1358 644 in
1385 605 1545 662 vulgus
1574 613 1729 648 notum
1760 622 1831 650 ac·

350 671 590 713 curatiores
619 671 790 712 librarii
821 671 885 711 sic
914 672 1115 726 pingunt,
1141 677 1190 712 ut
1219 685 1246 713 a
1274 670 1380 713 nota
1400 673 1530 715 verbi
1558 671 1672 715 ἐστὶν
1697 675 1830 718 solius

352 738 546 781 absentia
582 739 764 793 spiritus
796 739 997 795 dignosci
1032 737 1180 793 possit.
1241 738 1354 781 Vide
1386 754 1518 782 voces
1551 737 1596 783 δὲ
1621 741 1707 798 (ex.
1726 748 1763 784 3.
1780 741 1828 799 4)

349 813 394 848 et
426 807 541 849 ἐστιν
577 807 660 861 (ex.
681 808 734 861 5).
804 806 908 848 Ideo
947 807 1014 848 hae
1050 821 1183 849 voces
1223 808 1352 849 toties
1392 816 1673 852 commutatae
1713 819 1826 854 sunt.

349 891 394 918 v.
416 877 550 931 Epist.
569 891 610 931 p.
628 881 723 924 256,
747 890 835 931 sqq.
867 875 1059 932 Gregor.
1077 890 1118 931 p.
1138 882 1204 918 48.
1251 875 1366 918 Vide
1387 877 1521 919 etiam
1541 879 1658 920 infra
1673 893 1828 921 vocem

351 940 472 997 ζήτει.
534 945 634 986 Duo
655 950 820 999 puncta
839 944 1072 1000 saepissime
1093 945 1364 986 omittuntur.
1426 945 1652 988 Praeterea
1670 948 1828 990 seribae

347 1014 515 1069 passim
544 1014 749 1069 spiritum
778 1027 909 1068 super
932 1010 1038 1053 nota
1065 1013 1193 1053 verbi
1221 1009 1336 1053 ἐστὶν
1359 1013 1620 1069 negligunt:
1661 1021 1710 1056 ut
1733 1015 1828 1057 haee

345 1088 451 1123 nota
471 1083 603 1136 plane
623 1094 713 1121 non
734 1079 909 1121 differat
925 1093 950 1120 a
967 1079 1225 1134 compendio
1246 1079 1474 1133 particulae
1495 1075 1541 1122 δὲ
1554 1079 1644 1137 (ex.
1659 1080 1714 1137 3).
1775 1082 1828 1124 In

347 1147 595 1191 minuscula
639 1146 858 1204 scriptura
904 1147 1220 1189 nonnullorum
1270 1148 1467 1189 codicum
1517 1150 1827 1205 compendium

348 1219 478 1273 hujus
502 1218 743 1273 particulae‚
766 1217 940 1271 quando
972 1217 1085 1258 forte
1116 1214 1292 1258 fortuna
1324 1224 1445 1258 caret
1476 1225 1669 1267 accentu,
1697 1220 1826 1262 facile

347 1287 505 1328 haberi
524 1293 665 1342 potest
685 1300 767 1340 pro
790 1285 921 1342 signo
942 1286 1182 1326 commatis.
1245 1284 1296 1326 In
1312 1284 1510 1341 Append.
1529 1301 1570 1341 p.
1588 1293 1653 1331 57.
1675 1290 1828 1330 monui

348 1367 430 1408 pro
458 1347 555 1400 οἷον,
583 1360 678 1408 post
704 1353 818 1408 quod
846 1353 1075 1393 commatis
1105 1352 1284 1408 signum
1313 1360 1580 1407 sequeretur,
1601 1356 1732 1398 fuisse
1752 1357 1828 1411 qui

347 1425 383 1464 οἱ
404 1418 449 1464 δὲ
468 1423 685 1478 legerunt.
743 1419 967 1462 Nimirum
982 1420 1356 1474 interpunctionis
1378 1422 1556 1478 signum
1575 1424 1827 1466 habuerunt
1862 1454 1866 1457 -

346 1506 428 1547 pro
461 1490 721 1544 compendio
753 1488 980 1544 particulae
1013 1483 1068 1535 δὲ,
1090 1493 1327 1542 notamque
1356 1489 1538 1544 syllabae
1568 1491 1616 1532 ο“ν
1642 1505 1724 1546 pro
1753 1506 1826 1535 ac-

346 1565 478 1601 centu
496 1559 626 1614 gravi
650 1556 845 1612 ejusdem
871 1555 1115 1609 particulae.
1175 1555 1212 1596 E
1232 1557 1470 1605 contrario,
1491 1558 1700 1615 legerunt
1725 1555 1826 1610 οἷον,

346 1627 423 1669 ubi
444 1628 480 1667 οἱ
501 1620 546 1666 δὲ
565 1624 655 1680 legi
675 1629 912 1678 oporteret.
971 1636 1010 1663 V.
1032 1622 1134 1664 ibid.

393 1692 924 1747 Afflxovdraae—Saepissime
940 1691 1206 1733 omittuntur
1227 1693 1411 1747 syllabae
1433 1711 1560 1743 ονοτι,
1574 1701 1619 1736 et
1632 1695 1823 1738 Lambda

346 1763 550 1807 scribitur
582 1775 713 1817 super
737 1761 825 1802 Eta
840 1773 858 1811 ,·
899 1760 1016 1800 unde
1055 1773 1144 1801 non
1184 1766 1334 1814 potest
1375 1775 1466 1803 non
1501 1776 1668 1820 magna
1699 1765 1826 1806 nasci

344 1832 617 1888 ambiguitas.
678 1828 796 1870 Nam
827 1827 965 1883 δῆλον,
994 1826 1106 1881 δῆλα
1140 1828 1376 1883 multaeque
1409 1831 1508 1872 aliae
1536 1845 1666 1874 voces
1691 1845 1718 1874 a
1741 1826 1823 1883 W

344 1901 607 1956 incipientes
630 1898 786 1939 eodem
802 1896 1060 1952 compendio
1081 1897 1215 1937 scribi
1233 1904 1432 1951 possunt.
1484 1899 1597 1941 Vide
1618 1913 1714 1955 quae
1735 1901 1824 1942 dixi

341 1969 389 2010 in
408 1966 540 2010 litera
558 1965 760 2009 Lambda.
821 1964 1140 2020 compendium
1162 1965 1281 2006 vocis
1306 1963 1498 2017 δηλονότι
1526 1968 1823 2023 frequentissi-

344 2051 466 2078 mum
502 2042 569 2076 est
602 2034 650 2075 in
685 2033 871 2076 Scholiis
903 2046 1040 2074 manu
1070 2032 1273 2088 scriptis:
1321 2047 1428 2075 nam
1455 2034 1718 2078 Scholiastae
1750 2035 1824 2078 illa

345 2110 536 2146 utuntur
555 2109 768 2157 tanquam
788 2101 1004 2144 vocabulo
1025 2102 1266 2158 exegetico,
1282 2103 1398 2156 quod
1414 2105 1648 2156 respondet
1666 2103 1823 2146 Latino

346 2172 534 2215 subaudi.

404 2238 887 2296 Annon-Offvnce-Varia
914 2244 1015 2281 sunt
1045 2239 1175 2295 hujus
1202 2239 1391 2281 nominis
1421 2240 1689 2295 compendia.
1750 2240 1823 2282 Li-

340 2310 481 2353 brarii
512 2309 630 2351 enim
662 2322 781 2350 nunc
812 2322 948 2349 unam
980 2309 1186 2349 omittunt
1220 2307 1439 2363 syllabam
1471 2308 1550 2360 ῦῆξ,
1582 2309 1821 2364 superscri-

343 2380 500 2420 bentes
533 2376 566 2423 ἓ,
600 2391 716 2418 nunc
750 2378 856 2418 duas
891 2374 1048 2427 W,
1084 2376 1461 2431 superscribentes
1491 2376 1525 2424 ὃ,
1557 2391 1675 2419 nunc
1711 2378 1821 2419 adeo

344 2452 437 2487 tres
477 2445 690 2499 μοσθένης,
729 2445 870 2485 solam
907 2445 1206 2498 exprimentes
1250 2444 1469 2498 syllabam
1506 2444 1719 2488 initialem
1756 2437 1819 2498 δῖ).

344 2513 457 2555 Vide
479 2526 611 2554 voces
644 2513 666 2554 ὁ
697 2511 783 2567 (ex.
803 2509 849 2568 3)
870 2510 1138 2566 Δημοσθένης
1157 2510 1244 2568 (ex.
1268 2510 1314 2566 2)
1336 2511 1380 2553 ἐν
1406 2510 1494 2568 (ex.
1514 2511 1558 2569 l)
1582 2511 1643 2567 τῷ
1669 2516 1758 2565 (ex.
1779 2510 1822 2569 1)

344 2581 438 2622 κατ’
459 2580 541 2635 (ex.
557 2579 604 2636 7)
633 2578 976 2635 Ἀριστοκράτους
1009 2594 1033 2621 e
1059 2579 1162 2621 Cod.
1188 2580 1230 2620 S.
1259 2579 1411 2621 Germ.
1440 2584 1547 2631 2493
1581 2594 1820 2636 vocemque

345 2648 615 2703 Δημοσθένης
632 2648 717 2705 (ex.
737 2652 781 2701 3)
801 2662 825 2689 e
846 2647 952 2690 Cod.
972 2647 1215 2690 Herodiani
1230 2645 1341 2705 (περὶ
1362 2646 1513 2706 σχημ.)
1535 2655 1658 2691 2551.

403 2715 679 2760 Anat—Vide
706 2731 838 2759 voces
869 2713 938 2759 διὰ
964 2713 1020 2759 τὰ
1046 2715 1134 2773 (ex.
1153 2715 1195 2773 l)
1221 2715 1435 2772 σύμβολα.
1493 2716 1716 2760 Articulus
1743 2720 1821 2762 ubi

343 2792 444 2839 post
473 2783 543 2828 διὰ
574 2787 784 2842 sequitur,
815 2799 932 2842 saepe
961 2786 1238 2843 significatur
1268 2787 1360 2828 solo
1385 2786 1481 2828 Tau
1509 2787 1818 2842 superscripto,

346 2866 382 2893 e.
405 2867 440 2893 c.
461 2843 533 2895 διᾶ
551 2868 633 2909 pro
654 2850 724 2896 διὰ
742 2853 827 2896 τοῦ.
888 2869 928 2895 v.
947 2854 1144 2910 Append.
1168 2869 1210 2910 p.
1231 2860 1294 2896 15.
1356 2854 1442 2896 Sed
1475 2855 1560 2896 hoc
1590 2854 1708 2897 idem
1734 2843 1816 2900 διᾶ,

1952 1919 1969 2014 ἓ
