1976 3288
676 220 943 258 Μῖὸιιᾼιιωι
963 231 1110 259 vocum.
1576 221 1634 263 53

162 324 281 368 vocis
298 338 418 368 nunc
437 320 568 372 οὐδὲν,
589 339 705 367 nunc
731 321 828 367 οὐδὲ
855 327 1175 368 substituentes.
1222 341 1260 368 v.
1285 327 1484 384 Append.
1505 342 1546 383 p.
1566 335 1630 370 27.

169 419 174 422 »
215 389 374 442 Οὕτως,
404 386 540 442 οὗτος,
570 388 683 435 οὗτοι
719 407 836 450 saepe
869 395 1119 435 indicantur
1152 396 1237 436 hoc
1266 396 1538 451 compendio,
1559 393 1631 442 οὗε

158 474 255 517 quae
275 474 409 503 causa
436 467 502 503 est
530 461 798 503 confusionis
827 462 986 503 harum
1015 475 1187 504 vocum.
1234 478 1273 505 v,
1292 463 1484 521 Gregor.
1503 480 1545 521 p.
1566 473 1630 508 ⁹70.

159 528 264 571 Alia
290 529 549 585 compendia
562 588 564 591 v
577 529 776 571 adverbii
797 526 930 579 οὕτως
947 531 1082 572 habet
1100 532 1187 573 tab.
1203 546 1284 573 x1v.
1307 547 1362 574 ex
1381 534 1629 593 Etymolog.

155 595 346 640 Sorbon.

214 667 802 723 Ha0m1x65.—Plerumque
838 668 935 709 hoec
967 682 1056 710 vox
1087 670 1396 725 compendiose
1429 670 1492 713 sic
1524 671 1630 713 scri-

155 734 287 782 bitur,
306 741 358 777 ut
388 750 571 778 cernere
604 735 706 777 licet
724 750 862 776 exem.
884 740 918 777 1.
939 750 994 777 ex
1016 736 1269 795 Etymolog.
1289 738 1425 781 Paris.
1495 738 1553 787 Si,
1582 746 1631 781 ut

154 802 323 845 factum
342 810 409 845 est
428 805 475 845 in
496 805 635 846 altero
655 804 867 859 exemplo,
888 805 1032 846 solum
1056 805 1238 860 ponitur
1266 810 1300 848 ⁷7
1327 809 1629 863 superscripto

153 869 197 916 ἃ,
216 870 302 912 hoc
318 872 628 927 compendium
648 871 778 913 facile
797 878 943 927 potest
961 873 1167 914 confundi
1187 889 1287 916 cum
1307 888 1417 916 voce
1445 876 1626 927 πληθυν-

153 933 269 987 πκὸς
286 939 396 981 item
415 939 577 994 scripta
596 940 688 981 solo
707 942 751 986 ff,
773 939 842 980 cui
859 936 892 981 X
909 940 1162 995 impositum
1189 949 1265 990 est,
1284 942 1456 997 quando
1486 949 1629 985 totum

155 1004 394 1048 discrimen
411 1006 526 1048 redit
545 1007 600 1048 ad
622 1007 771 1048 literas
789 1006 992 1048 facillime
1012 1009 1340 1051 commutabiles
1359 1010 1390 1052 ἆ
1410 1016 1453 1051 et
1470 1009 1513 1053 X.

211 1070 697 1130 Παιδευτῆριον.-Ἧᾱθ
716 1075 763 1116 in
783 1089 823 1115 v.
845 1071 1114 1131 ἀκρωτήριον.

158 1169 160 1171 -
220 1141 548 1198 nasah—Haec
583 1144 831 1198 praepositio
864 1144 1141 1200 significatur
1179 1145 1306 1188 litera
1338 1148 1380 1194 ff,
1416 1147 1487 1189 cui
1519 1154 1629 1190 nota

153 1210 321 1252 voculae
358 1205 446 1266 ἄρα
483 1222 602 1252 nunc
646 1211 919 1258 adscribitur,
959 1226 1076 1254 nunc
1114 1215 1466 1268 superscribitur.
1527 1215 1628 1257 Vid.

153 1278 248 1320 tab.
263 1291 292 1319 1.
312 1275 383 1320 καὶ
408 1275 526 1334 παρὰ
554 1273 629 1332 τὴν
650 1276 943 1334 Λωτοφαγίδα
975 1280 1110 1333 νῆσον.
1170 1280 1243 1322 Sic
1263 1288 1459 1324 vetustus
1477 1282 1628 1324 Codex

151 1335 324 1388 Platon.
343 1352 466 1389 1807.
524 1347 842 1389 Posterioribus
872 1349 1153 1404 temporibus,
1185 1351 1398 1408 angulosa
1427 1352 1627 1393 fecerunt

151 1414 358 1464 rotunda,
391 1415 745 1469 scripseruntque
783 1416 858 1463 sic,
888 1422 938 1457 ut
967 1430 1038 1457 ex.
1056 1421 1093 1462 2,
1111 1423 1149 1458 3.
1183 1431 1239 1459 ex
1268 1417 1411 1474 Etym.
1441 1419 1626 1460 Sorbon.

154 1479 407 1524 Rotundum
445 1483 528 1524 hoc
563 1477 652 1536 ἄρα
688 1496 777 1524 non
815 1497 974 1538 parum
1011 1485 1147 1526 habet
1187 1486 1485 1527 similitudinis
1527 1500 1626 1528 cum

77 1578 82 1582 v
152 1553 191 1592 Ε
206 1546 338 1604 ψτλῷ,
357 1551 482 1605 cujus
508 1551 677 1592 medius
706 1552 860 1593 ductus
888 1552 935 1593 in
963 1555 1326 1607 superscribendo
1357 1568 1448 1596 non
1479 1556 1627 1597 minus

150 1617 322 1674 porrigi
338 1618 450 1660 solet
468 1617 619 1674 (ibid.)
679 1618 796 1661 Hinc
824 1621 1055 1662 notissima
1080 1621 1158 1662 illa
1185 1623 1382 1664 confusio
1412 1623 1626 1678 praeposi-

151 1685 324 1728 tionum
352 1681 472 1741 παρὰ
504 1694 549 1728 et
576 1685 668 1742 περὶ
700 1689 759 1738 (v,
780 1687 917 1742 Epist.
948 1703 990 1744 p.
1009 1695 1078 1737 33,
1101 1695 1192 1736 102,
1214 1689 1326 1744 etc),
1360 1691 1484 1746 cujus
1518 1705 1627 1733 vera

150 1755 268 1796 ratio
286 1767 378 1795 non
399 1767 561 1809 paucos
581 1755 713 1810 fugit.
772 1752 900 1810 Παρὰ
919 1752 981 1804 τὸ,
1003 1753 1123 1811 παρὰ
1141 1751 1229 1811 τὴν,
1251 1754 1370 1812 παρὰ
1389 1758 1488 1809 τοῖς,
1507 1755 1627 1814 παρὰ

150 1819 224 1876 τῷ,
257 1822 561 1878 compendiose
598 1822 660 1864 sic
694 1823 960 1871 scribuntur,
998 1832 1049 1866 ut
1086 1827 1322 1867 ostendunt
1353 1826 1430 1868 Ex.
1451 1829 1542 1869 tab.
1558 1843 1624 1869 xv,

151 1889 345 1933 Librarii
362 1902 563 1945 persaepe
586 1890 818 1932 articulum
842 1893 1149 1948 neglexerunt,
1169 1895 1526 1951 scripseruntque
1554 1910 1626 1939 so-

149 1957 245 1999 lum
261 1953 381 2012 παρὰ
398 1956 461 2014 (v,
476 1957 671 2016 Gregor.
691 1974 733 2015 p.
747 1958 868 2015 440.)
894 1962 1262 2016 quemadmodum
1291 1961 1384 2005 ἀντὶ
1414 1966 1626 2020 scriptum

149 2024 371 2080 reperitur
401 2039 483 2080 pro
514 2024 606 2069 ἀντὶ
637 2026 723 2069 τοῦ.
795 2027 890 2070 Nec
919 2036 1071 2071 tamen
1104 2030 1263 2071 desunt
1298 2033 1512 2087 exempla,
1547 2032 1624 2074 ubi

150 2094 372 2135 contrario
392 2108 545 2136 errore
563 2091 684 2150 παρὰ
711 2091 761 2137 τὸ
785 2097 947 2138 invasit
975 2098 1022 2139 in
1051 2098 1198 2139 locum
1226 2099 1430 2154 simplicis
1450 2113 1623 2154 praepo-

150 2161 322 2202 sitionis
339 2160 471 2215 παρά.
530 2162 603 2204 Sic
621 2159 740 2218 παρὰ
765 2160 815 2205 τὸ
840 2159 895 2206 τὰ
916 2160 1037 2208 ἄλλα
1059 2164 1147 2216 ζῶα
1173 2180 1255 2220 pro
1277 2163 1396 2220 παρὰ
1421 2163 1478 2208 τὰ
1500 2162 1623 2209 ἄλλα

152 2227 253 2281 ζῶα.
314 2228 420 2270 Vox
448 2227 605 2278 πτῶσις
633 2233 941 2286 compendiose
970 2232 1175 2274 scribitur
1202 2232 1344 2275 literis
1369 2234 1437 2280 νῖν,
1466 2234 1622 2288 quibus

149 2298 407 2353 impositum
426 2304 496 2339 est
516 2297 563 2339 ὦ.

208 2365 276 2407 De
317 2365 571 2408 confusione
609 2366 966 2421 praepositionum
1005 2365 1123 2423 παρὰ
1161 2376 1206 2410 et
1236 2365 1320 2411 ἀπὸ
1352 2383 1484 2424 supra
1515 2370 1618 2411 dixi.

149 2431 283 2476 Verae
301 2434 527 2490 scripturae
546 2432 664 2490 παρὰ
690 2435 826 2485 τοῦτο,
848 2437 986 2478 codex
1016 2437 1106 2479 tale
1138 2439 1442 2493 compendium
1473 2438 1617 2484 habet,

149 2503 278 2557 quale
297 2503 488 2544 ostendit
506 2506 596 2545 tab.
611 2519 676 2545 xv.

206 2569 702 2627 dedomss—Syllaba
729 2572 872 2614 finalis
899 2574 967 2622 751}
983 2573 1031 2614 in
1052 2574 1136 2616 hoc
1166 2575 1345 2616 nomine
1375 2573 1553 2628 aliisque
1572 2574 1619 2615 in

149 2654 216 2688 σις
232 2640 531 2681 desinentibus
550 2639 680 2693 (conf.
698 2653 833 2694 supra
851 2654 891 2680 v.
909 2639 1105 2696 κόλασις)
1123 2641 1353 2687 omittitur,
1376 2643 1618 2696 superscri-

148 2708 357 2761 biturque
371 2707 536 2748 vocalis
550 2707 824 2748 antecedens.
872 2707 996 2749 Idem
1011 2709 1318 2764 compendium
1332 2710 1467 2750 etiam
1480 2725 1619 2763 παρα-

149 2767 256 2831 δοχῆ
275 2773 528 2829 significare
548 2780 711 2829 potest:
751 2773 883 2828 (Vide
912 2775 1031 2816 infra
1058 2776 1104 2817 in
1124 2790 1233 2818 voce
1251 2769 1476 2829 συλλαβὴ)
1509 2790 1614 2830 qua-

149 2847 330 2895 propter
348 2841 415 2882 hae
436 2841 531 2884 duae
553 2856 681 2883 voces
702 2842 896 2884 confusae
917 2850 1026 2884 sunt.
