1976 3288
989 234 1201 292 (20)

762 369 799 412 b.
860 383 1119 411 SINGULARUM
1140 382 1420 409 SYLLABARUM.

416 472 759 529 Compendiaria
779 470 959 526 scriptio
981 470 1263 526 singularum
1284 470 1554 524 syllabarum
1579 468 1836 524 plerumque

358 549 403 584 et
423 557 479 584 ex
494 539 651 598 regula
666 541 727 582 sic
742 539 837 581 fieri
857 540 981 585 solet,
995 545 1044 579 ut
1065 544 1172 579 nota
1192 538 1543 593 tachygraphica
1562 536 1839 578 antecedenti

357 611 495 652 literae
527 609 889 664 superscribatur.
959 605 1009 647 E.
1027 620 1061 646 c.
1085 606 1257 660 syllaba
1290 608 1349 646 (Ἡ
1379 606 1425 646 in
1456 619 1564 646 voce
1593 601 1838 657 βασιλεύων

359 680 421 720 sic
442 685 510 719 est
529 678 680 724 efficta,
703 683 751 718 ut
771 676 863 731 ejus
890 674 1200 729 compendium
1225 688 1357 729 super
1386 677 1432 715 ἃ]
1464 673 1674 728 scriptum
1703 686 1837 727 appa-

358 753 468 789 reat.
531 745 638 788 Pari
667 746 799 786 modo
832 744 987 785 scribae
1017 743 1084 784 usi
1115 749 1215 784 sunt
1246 741 1513 797 compendiis
1545 740 1837 796 plurimarum

360 816 549 858 aliarum
566 814 851 870 syllabarum,
865 827 947 868 pro
965 813 1120 868 quibus
1135 812 1436 867 tachygraphi
1455 817 1581 852 notas
1596 810 1840 866 peculiares

360 883 679 939 excogitarunt.
745 880 858 922 Sunt
878 886 1027 922 tamen
1047 880 1167 921 inter
1194 881 1274 921 has
1298 887 1424 921 notas
1454 878 1838 934 tachygraphicas‚

360 966 455 1007 quae
487 952 652 1006 passim
686 964 778 1003 non
807 956 979 992 tantum
1010 949 1382 1006 superscribantur,
1405 949 1483 990 sed
1509 948 1643 990 etiam
1675 947 1840 989 adscri-

359 1021 526 1062 bantur
557 1018 650 1060 sive
680 1019 728 1059 in
757 1020 901 1074 ipsam
931 1018 1095 1059 lineam
1124 1017 1435 1059 immittantur.
1494 1016 1603 1058 Haec
1633 1017 1747 1058 ratio
1774 1023 1840 1058 est

331 1129 339 1137 ,
360 1087 586 1129 variarum
608 1087 924 1134 confusionum,
946 1086 1158 1144 ignorata
1176 1086 1252 1127 illa
1281 1086 1444 1134 multis,
1466 1098 1656 1140 quorum
1682 1085 1728 1126 in
1747 1099 1839 1127 ma-

359 1171 442 1197 nus
463 1171 552 1198 non
572 1157 694 1198 venit
723 1170 914 1214 magnus
943 1170 1156 1197 numerus
1184 1155 1395 1197 codicum.
1456 1152 1717 1210 Hujusmodi
1747 1154 1838 1210 syl-

361 1225 473 1266 labae
495 1230 595 1265 sunt
615 1228 679 1273 ἇξ,
698 1238 738 1265 V.
758 1223 903 1273 ποιᾶς;
944 1227 998 1272 ᾗ,
1029 1238 1069 1266 V.
1087 1222 1293 1272 ἐνταῦθα;
1328 1223 1395 1271 ’ω-ς,
1418 1222 1499 1264 8ῑο.
1562 1221 1647 1263 Hic
1676 1229 1722 1263 et
1751 1222 1841 1263 illic

361 1298 469 1333 nota
488 1292 839 1348 tachygraphica
853 1291 1193 1346 superscribitur
1213 1291 1427 1346 simulque
1449 1291 1724 1332 connectitur
1740 1304 1840 1332 cum

362 1358 489 1401 litera
514 1361 810 1401 antecedente.
871 1361 985 1403 Vide
1018 1358 1151 1416 φασὶν
1172 1359 1257 1416 (ex.
1282 1357 1333 1413 l),
1369 1355 1482 1401 κατὰ
1512 1357 1598 1415 (ex.
1619 1356 1664 1413 4)
1695 1356 1843 1413 στέρη-

362 1444 441 1475 σιν,
470 1429 547 1470 ubi
577 1428 771 1484 priorem
799 1443 955 1471 vocem
989 1431 1197 1486 legerunt
1231 1433 1358 1484 θρας,
1393 1430 1525 1484 plane
1559 1427 1844 1484 negligentes

363 1497 580 1551 syllabam
615 1498 653 1536 ΐν
687 1511 933 1538 connexam
969 1511 1070 1539 cum
1109 1499 1399 1539 antecedente
1436 1497 1478 1538 ff.
1556 1495 1673 1537 Vide
1708 1496 1843 1537 etiam

364 1578 495 1605 voces
515 1562 724 1616 θηλυκῶς,
746 1564 1007 1621 γραμμικῶς,
1025 1573 1069 1608 et
1088 1565 1301 1624 συνεχῶς;
1332 1580 1415 1621 pro
1437 1562 1625 1620 συνεχῶς
1637 1563 1844 1607 Villoiso-

364 1645 447 1672 nus
467 1632 586 1673 dedit
608 1647 764 1675 vocem
787 1636 971 1677 minime
993 1634 1200 1677 Graecam
1226 1632 1451 1692 συνεχθῶς,
1475 1633 1634 1689 quippe
1665 1633 1843 1674 ductum

363 1699 605 1740 rotundum
637 1700 682 1740 in
716 1700 853 1742 altera
889 1709 1014 1757 parte
1047 1703 1190 1744 literae
1221 1700 1254 1759 y}
1284 1701 1436 1744 habuit
1467 1715 1549 1756 pro
1582 1699 1842 1755 compendio

365 1767 504 1808 literae
525 1766 568 1814 Ξ,
586 1768 826 1824 cujusmodi
845 1765 879 1813 ἶ)
896 1772 958 1812 sic
975 1785 1223 1813 connexum
1245 1785 1344 1813 cum
1363 1767 1495 1811 litera
1513 1770 1552 1826 ᾖ
1564 1782 1724 1810 revera
1745 1768 1842 1810 aliis

364 1834 412 1874 in
432 1833 614 1876 vocibus
635 1838 865 1891 reperitur.
928 1838 1043 1880 Vide
1064 1837 1227 1897 ἐχθραὶ,
1250 1854 1274 1880 e
1296 1839 1404 1880 Cod.
1426 1837 1568 1880 Vatic.
1589 1842 1685 1878 305.
1746 1837 1844 1880 Vil-

366 1901 560 1944 loisonus
592 1904 646 1944 ad
667 1903 866 1959 Apollon.
890 1906 1037 1949 Lexic.
1066 1906 1288 1948 Homeric.
1319 1908 1503 1962 longum
1530 1905 1648 1947 dedit
1678 1906 1844 1947 catalo-

369 1985 479 2027 gum
499 1971 729 2028 signorum
759 1974 1212 2030 tachygraphicorum
1247 1974 1525 2031 singularum
1557 1973 1842 2029 syllabarum,

369 2053 499 2094 quem
523 2040 729 2082 Tabulam
752 2042 1111 2085 Terminationum
1131 2051 1383 2099 propterea,
1405 2049 1454 2084 ut
1473 2048 1592 2097 puto,
1614 2041 1845 2098 inscripsit,

370 2107 471 2162 quia
502 2108 595 2149 haec
627 2109 756 2164 signa
792 2110 836 2150 in
860 2110 964 2152 Cod.
985 2111 1026 2151 S.
1051 2110 1201 2152 Germ.
1226 2115 1320 2151 345.
1356 2109 1640 2165 Apollonium
1665 2116 1845 2152 tenente

371 2177 707 2230 compendiariae
725 2179 949 2233 scriptioni
966 2181 1239 2235 syllabarum
1253 2179 1457 2234 finalium
1470 2178 1726 2219 inserviunt.
1759 2180 1845 2221 Sed

370 2259 427 2285 ne
457 2245 552 2299 quis
585 2245 682 2286 ideo
716 2248 877 2295 credat,
901 2254 1075 2290 veteres
1101 2247 1305 2291 librarios
1333 2247 1398 2289 his
1426 2247 1565 2304 signis
1593 2252 1766 2288 tantum
1791 2248 1847 2288 ad

372 2313 630 2366 compendia
668 2314 863 2356 finalium
902 2317 1173 2371 syllabarum
1206 2330 1306 2358 usos
1338 2329 1462 2357 esse:
1508 2329 1611 2356 nam
1645 2316 1740 2370 ipsa
1771 2315 1848 2358 illa

372 2379 510 2436 signa,
533 2394 630 2435 quae
643 2381 911 2425 Villoisonus
934 2386 1181 2439 explicavit,
1203 2386 1320 2427 haud
1344 2399 1448 2425 raro
1470 2385 1668 2425 obtinent
1688 2384 1734 2424 in
1755 2397 1848 2425 me—

374 2448 453 2489 diis
471 2450 661 2496 vocibus,
685 2451 880 2506 adeoque
901 2452 1028 2494 initio
1049 2467 1217 2495 vocum.
1279 2452 1393 2495 Vide
1414 2465 1543 2492 voces
1562 2450 1757 2498 ἐνταῦθα,
1773 2449 1848 2495 τά-

372 2522 526 2566 λαντα,
562 2521 970 2574 προσυπακουσἻ-έον,
1005 2521 1209 2576 μάλιστα,
1244 2520 1459 2575 μαρτυρεῖ,
1492 2519 1517 2573 ἡ
1547 2516 1788 2573 πρεσβῦτις,
1821 2534 1846 2561 e

374 2585 477 2627 Cod.
500 2588 542 2628 S.
563 2586 715 2629 Germ.
739 2594 834 2631 249.

438 2671 471 2707 l.
504 2665 696 2721 Syllabae
718 2668 960 2710 ‹Tu—Hanc
982 2670 1199 2725 syllabam
1219 2669 1264 2710 in
1296 2665 1516 2723 scriptura
1546 2673 1592 2708 et
1618 2667 1779 2712 unciali
1804 2674 1848 2709 et

375 2733 623 2775 minuscula
647 2736 870 2792 significat
891 2737 1089 2786 uncinus,
1111 2738 1183 2793 qui
1203 2738 1380 2779 additur
1406 2737 1544 2778 literae
1571 2735 1848 2777 antecedenti

378 2802 706 2858 porrigiturque
736 2805 854 2846 infra
886 2805 1063 2847 lineam.
1123 2821 1163 2847 v.
1179 2820 1310 2847 voces
1343 2803 1412 2847 καὶ
1433 2803 1517 2861 (eX.
1537 2810 1598 2846 12.
1613 2800 1703 2859 20),
1725 2801 1846 2857 δορυ-

379 2870 598 2925 φοροῦσαι,
620 2874 880 2927 φλυαρῆσαι,
902 2871 1173 2928 ῥαψῳδῆσαι,
1195 2872 1447 2915 ὑπακοῦσαι.
