1976 3288
5 3108 72 3288 -μμ-
10 2827 38 3099 smitam-12»
10 2891 12 2894 v
12 2844 17 2859 m
0 2254 42 2822 nnunammww-“ss
7 2205 16 2218 «ν
5 2115 13 2136 -’

584 212 843 242 εικοσικκυυ
871 212 1148 240 summania.
1550 203 1611 245 29

137 314 219 356 est,
237 314 390 350 notam
407 308 807 365 tachygraphicam
830 308 1013 364 syllabae
1042 311 1088 356 οῖ-
1116 322 1209 351 esse
1232 308 1427 352 omicron
1457 325 1611 367 super-

137 377 374 433 seriptum
401 374 486 431 qua
504 374 610 418 nota
630 390 731 418 cum
749 375 952 417 nonnulli
971 377 1143 418 librarii
1172 392 1255 432 pro
1286 378 1459 434 syUaba
1476 381 1524 422 ἵν
1542 381 1611 422 usi

137 444 240 493 sint,
259 457 352 486 non
370 442 543 492 mirum,
561 445 724 498 passim
743 444 794 484 <ff
808 444 907 486 loco
926 445 1107 499 syllabae
1128 447 1174 494 ο“ς
1192 447 1352 488 lectum
1371 460 1479 488 esse.
1540 446 1611 489 In-

137 511 316 556 terdum
332 511 416 552 hoc
432 510 457 549 ὃ
477 525 578 552 cum
603 509 732 553 litera
762 513 832 553 cui
861 512 1206 568 superscriptum
1227 521 1292 556 est
1323 517 1610 562 connectitur,

137 593 222 622 e-c.
241 579 289 621 in
307 593 418 621 voce
437 576 667 633 σύνδεσμος
686 581 778 635 (eX.
794 577 836 634 1)
855 593 879 620 e
892 579 997 621 Cod.
1016 580 1221 635 Apollon.
1238 582 1436 636 Dyscoli.
1487 582 1612 624 Alius

137 646 294 689 modus
311 648 532 689 scribendi
557 648 777 703 syllabam
799 650 842 697 ὃς
870 655 1056 703 apparet
1084 663 1110 690 e
1140 649 1321 691 vocibus
1349 645 1539 705 ἔμπειρος
1566 658 1612 692 et

139 712 397 770 ἀσκούμενος
427 731 453 758 e
484 716 589 758 Cod.
619 716 662 758 S.
690 715 843 758 Germ.
863 722 958 757 345.
1021 716 1329 759 Recentiorum
1359 724 1612 773 temporum

136 787 295 830 notam
312 785 497 840 syUabae
518 784 563 832 οἶ·
582 799 670 826 vox
690 780 859 839 ἄπειρος
880 786 1078 826 ostendit.

196 849 309 893 Cum
327 852 354 893 ὅ
370 859 417 894 et
438 855 462 894 ὗ
484 852 612 894 facile
639 859 975 899 commutentur,
996 853 1161 894 factum
1186 861 1251 895 ωε
1272 861 1322 895 ut
1346 856 1483 896 etiam
1503 855 1548 904 ἴς
1566 863 1613 898 et

139 917 192 959 οἳ
208 919 605 963 confunderentur:
636 935 740 962 nam
761 920 982 975 posterior
1000 921 1184 976 syllaba,
1199 923 1244 963 id
1263 924 1379 977 quod
1400 924 1612 966 articulus

139 986 343 1040 proxime
362 1001 548 1044 sequens
575 988 762 1038 docebit,
785 988 1127 1046 ταχυγραφικῶς
1156 991 1434 1047 significatur
1465 1006 1614 1048 super·

141 1053 308 1109 scripto
327 1056 364 1098 ὗ.

200 1121 250 1164 Si
281 1123 455 1179 syllaba
486 1126 530 1173 ὂξ
563 1138 655 1166 non
694 1124 1044 1182 ταχυγραφικῶς,
1076 1127 1151 1167 sed
1185 1126 1373 1183 integris
1409 1130 1614 1171 scribitur

141 1189 298 1239 literis,
318 1198 364 1234 et
383 1191 532 1248 Siyma
550 1193 724 1234 unciale
745 1192 819 1246 (C)
842 1194 898 1235 ad
926 1194 1100 1235 literam
1125 1194 1149 1235 ὃ
1178 1201 1270 1236 tam
1301 1209 1439 1251 prope
1469 1198 1616 1238 admo-

142 1266 288 1310 vetur,
308 1267 360 1302 ut
379 1261 500 1302 illam
519 1263 762 1318 contingat,
782 1262 870 1303 tale
891 1263 936 1310 ἴς
960 1262 1180 1317 persimile
1207 1263 1255 1304 fit
1284 1263 1427 1306 literae
1447 1264 1588 1320 Alphe
1604 1282 1616 1306 .-

132 1341 240 1382 ,quae
259 1341 393 1370 causa
412 1335 489 1378 est,
510 1343 589 1372 cur
607 1330 655 1378 οἶ·
674 1337 718 1372 et
740 1331 771 1372 ἆ
788 1342 879 1372 non
899 1344 1003 1372 raro
1025 1337 1291 1373 commutata
1309 1331 1406 1373 sint.
1471 1332 1615 1389 Hujus

143 1399 409 1442 confusionis
430 1400 647 1442 rationem
667 1400 844 1456 primus,
867 1402 982 1456 quod
1000 1402 1293 1450 meminerim,
1315 1403 1488 1459 aperuit
1508 1404 1614 1446 Por-

143 1479 276 1508 sonus
297 1467 354 1508 ad
372 1466 568 1523 Euripid.
592 1468 759 1510 Hecub.
783 1483 823 1510 ν.
842 1474 934 1511 ⁹788.

203 1549 270 1587 21.
302 1544 494 1601 Syllabae
532 1544 757 1593 ‹Ha—Qua
798 1547 940 1588 adhuc
980 1547 1144 1588 utimur
1182 1546 1289 1588 nota
1329 1548 1458 1603 hujus
1494 1550 1616 1604 diph-

142 1611 299 1670 thongi
320 1615 392 1665 (8),
424 1615 605 1669 propius
637 1615 677 1656 si
708 1616 934 1661 intuearis,
960 1613 1068 1656 nihil
1102 1615 1220 1656 aliud
1252 1629 1348 1657 esse
1379 1616 1616 1673 intelligas,

144 1693 278 1734 quam
312 1683 336 1722 ὃ
371 1682 538 1724 habens
567 1684 918 1738 superscriptum
950 1686 986 1724 ὗ.
1046 1682 1170 1724 Conf.
1203 1688 1359 1725 vocem
1389 1683 1564 1733 δούλους
1593 1700 1618 1727 e

145 1745 249 1790 Cod.
268 1747 436 1792 Platon.
461 1755 583 1792 180⁷.
662 1751 800 1792 Simili
838 1751 1096 1806 compendio
1127 1751 1323 1807 pingitur
1355 1752 1486 1793 litera
1516 1753 1540 1792 ὖ
1571 1752 1617 1793 in

146 1815 419 1875 diphthongo
450 1819 508 1867 Ha,
543 1826 594 1861 ut
630 1821 838 1875 apparuit
870 1834 896 1861 e
925 1834 1034 1861 voce
1064 1819 1324 1872 ἐπιτηδεύων.
1386 1821 1483 1862 Hoc
1515 1823 1539 1863 ἓ
1570 1822 1616 1862 in

145 1884 364 1940 scriptura
381 1893 473 1929 tam
499 1889 662 1930 unciali
692 1903 823 1943 quam
854 1887 1015 1930 caetera
1037 1889 1237 1935 occurrit,
1258 1888 1508 1944 passimque
1527 1896 1618 1930 tam

145 1954 314 2010 grande
333 1962 412 2003 est,
434 1963 482 1998 ut
502 1971 639 2012 supra
657 1963 702 1998 et
722 1957 839 1999 infra
858 1958 1022 1998 lineam
1050 1958 1325 2012 porrigatur,
1346 1957 1445 1999 vide
1464 1971 1617 1999 vocem

147 2016 267 2062 οὐδὲν
283 2022 370 2079 (ex.
388 2022 441 2079 1).

204 2089 307 2132 Non
325 2092 471 2134 minus
498 2094 717 2148 frequens,
745 2109 878 2150 quam
908 2095 1014 2136 illud
1045 2097 1079 2143 ἓ,
1102 2095 1189 2136 alia
1219 2102 1284 2136 est
1316 2102 1424 2136 nota
1447 2095 1541 2150 jam
1572 2094 1617 2135 in

147 2156 319 2213 syllaba
347 2160 393 2205 6}
411 2169 770 2210 commemorata,
791 2163 979 2217 quando,
1010 2162 1033 2203 ὅ
1062 2163 1192 2218 plane
1226 2163 1398 2208 omisso,
1422 2163 1564 2203 solum
1594 2162 1618 2203 ὗ

148 2228 425 2269 antecedenti
450 2229 586 2271 literae
613 2231 969 2285 superscribitur.
1033 2230 1198 2272 Confer
1227 2244 1357 2272 voces
1388 2225 1512 2279 οἴκου,
1544 2230 1621 2272 τοῦ

146 2293 234 2349 (ex.
250 2292 298 2350 2)
314 2293 553 2338 Ἀνδοκίδου
574 2312 599 2339 e
618 2297 723 2340 Cod.
740 2298 781 2339 S.
798 2299 952 2341 Germ.
973 2305 1071 2340 345.
1093 2305 1137 2340 et
1157 2296 1343 2353 ἀκριβῶς
1361 2314 1451 2341 σου.
1511 2298 1617 2340 Tale

147 2361 201 2402 ew
214 2376 332 2404 nunc
353 2378 451 2405 cum
471 2363 534 2413 ὀι-ς,
553 2380 670 2407 nunc
690 2380 789 2407 cum
807 2364 853 2414 ο“ς
872 2367 1176 2408 confuderunt.

205 2429 404 2486 Denique
425 2433 449 2474 ὖ
466 2436 819 2489 superscriptum,
840 2436 916 2476 ubi
935 2449 1015 2491 per
1040 2448 1239 2476 errorem
1268 2434 1425 2476 scribae
1455 2435 1617 2477 invasit

147 2496 292 2540 locum
309 2498 450 2541 literae
468 2500 504 2549 ὃ,
524 2503 659 2543 etiam
678 2502 817 2544 solam
837 2503 1036 2544 vocalem
1052 2504 1079 2544 ’ὀ
1099 2502 1351 2560 significare
1370 2509 1536 2558 potest:
1567 2510 1617 2544 ut

147 2580 238 2608 non
258 2581 430 2623 semper
451 2570 504 2610 de
523 2569 693 2625 syllaba
713 2571 761 2619 ὀ-ςῗ
778 2571 1063 2627 cogitandum
1081 2570 1145 2612 sit.

206 2651 275 2687 22.
304 2644 496 2699 Syllabae
515 2647 767 2691 offa—Haec
792 2650 963 2704 syllaba
992 2650 1039 2690 in
1071 2647 1291 2704 scriptura
1315 2656 1359 2691 et
1381 2649 1542 2690 unciali
1573 2657 1618 2691 et

150 2717 308 2754 caetera
332 2714 672 2771 ταχυγραφικῶς
698 2716 760 2758 sic
793 2717 1006 2774 pingitur,
1025 2723 1074 2758 ut
1098 2730 1230 2758 voces
1261 2717 1349 2765 τοῖς
1369 2715 1454 2771 (ex.
1472 2715 1516 2772 l)
1541 2713 1617 2771 μὲν

148 2777 236 2835 (ex.
252 2777 298 2832 3)
327 2773 401 2821 οὖν
426 2780 516 2837 (ex.
533 2779 580 2838 2)
611 2784 788 2832 πολλοῖς
821 2790 865 2826 et
894 2783 1116 2832 ἐποιοῦντο,
1150 2783 1326 2839 διῄρουν,
1358 2783 1615 2832 καλούντων,

150 2861 206 2888 ex
217 2847 405 2904 Etymol.
421 2849 605 2893 Sorbon.
622 2853 866 2894 ostendunt.
918 2852 1151 2895 Rarissime
1167 2860 1272 2895 nota
1292 2854 1420 2909 hujus
1436 2854 1616 2909 syllabae
