1976 3288
351 236 409 277 22
805 248 1065 275 SlNGULARUM
1096 248 1377 274 SYLLABARUM.

410 344 510 386 Vox
539 343 698 399 γίνεται
727 343 890 398 passim
911 344 1095 385 confusa
1116 348 1181 384 est
1203 356 1302 383 cum
1322 341 1551 384 indefinito
1570 342 1834 397 pronomine

353 413 470 462 τινές.

437 481 590 524 Verba
629 481 653 535 ἡ
693 480 782 538 (ex.
807 478 853 537 6)
893 479 1130 538 ὀλιγαρχία
1169 477 1332 535 ’γίνεται
1372 479 1456 535 (ex.
1481 479 1529 533 4)
1570 479 1832 537 δημοκρατία

353 557 532 606 sumpta
560 557 662 592 sunt
697 565 721 592 e
753 551 896 592 Schol.
928 549 1041 591 Plat.
1067 554 1203 590 1807:
1244 550 1383 590 verba
1419 544 1527 603 ἦσάν
1546 548 1632 604 (ex.
1656 547 1700 606 1)
1725 566 1831 599 τινες

353 617 443 675 (ex.
462 616 509 674 2)
527 617 760 674 τιμιώτεροι
782 634 806 661 e
826 618 931 661 cod.
955 620 999 660 S.
1015 617 1170 659 Germ.
1191 622 1285 658 249.
1346 616 1480 665 Quod
1501 618 1551 664 si,
1568 623 1613 660 ut
1631 630 1832 661 nonnun-

355 702 487 742 quam
510 688 572 735 fit,
593 689 639 730 in
660 703 767 730 voce
789 686 950 744 ’γίνεται
978 686 1194 729 omittitur
1217 687 1312 728 Tau
1343 700 1444 728 cum
1474 687 1635 729 uncino
1665 687 1830 744 signifi-

354 763 485 798 cante
506 760 563 806 οᾟ,
583 763 626 799 et
645 758 690 798 in
711 772 819 798 voce
839 752 947 805 τινὲς
966 757 1266 812 superscripta
1294 756 1466 812 syllaba
1485 760 1535 804 ἐξ,
1556 770 1670 811 pene
1700 770 1832 798 omne

354 825 514 866 harum
533 840 692 867 vocum
714 827 951 867 discrimen
971 826 1086 867 redit
1107 826 1160 867 ad
1185 825 1339 867 literas
1369 831 1460 866 tam
1490 825 1619 866 facile
1638 838 1832 867 commu-

354 893 514 934 tabiles
537 899 568 935 Γ
590 900 634 935 et
652 899 700 936 Τ.

413 959 550 1009 Addo,
574 963 791 1017 syllabam
812 962 856 1003 ὀῖι
876 964 922 1004 in
942 963 1105 1004 unciali
1125 961 1344 1017 scriptura
1367 962 1591 1004 interdum
1611 963 1672 1004 sic
1693 962 1831 1019 pingi,

354 1034 402 1070 ut
440 1030 679 1071 ostendunt
719 1044 848 1072 voces
887 1030 1095 1073 πολιτεῖαι
1136 1028 1361 1078 ἐπαινεταὶ,
1395 1045 1419 1073 e
1445 1031 1548 1072 Cod.
1574 1031 1682 1073 Plat.
1709 1036 1829 1074 1807.

355 1095 520 1138 Eadem
541 1103 648 1139 nota
668 1099 834 1153 passim
853 1099 1204 1153 superscribitur.

413 1165 479 1206 De
511 1166 855 1208 commutatione
887 1167 1164 1223 syllabarum
1193 1169 1241 1210 ῖῖι
1276 1175 1321 1209 et
1356 1168 1397 1215 Ξ
1428 1168 1528 1209 vide
1554 1167 1672 1210 infra
1700 1166 1831 1223 sylla-

355 1235 457 1275 bam
479 1235 531 1282 ἐξ.

414 1319 453 1355 2.
485 1312 676 1369 Syllabae
699 1313 888 1362 &Tse—In
916 1316 1100 1357 vetustis
1131 1316 1353 1359 codicibus
1386 1318 1480 1358 haec
1512 1317 1684 1372 syllaba
1715 1330 1830 1372 saepe

354 1395 442 1422 non
474 1381 825 1439 ταχυγραφικῷς,
856 1384 932 1425 sed
963 1385 1093 1439 plene
1127 1386 1397 1442 integrisque
1431 1386 1572 1427 literis
1603 1385 1828 1427 scribitur.

353 1450 405 1490 In
429 1450 531 1492 cod.
554 1450 595 1491 S.
619 1451 773 1492 Germ.
797 1457 891 1493 345.
918 1453 1014 1501 ταῖς
1045 1454 1303 1509 plerumque
1336 1454 1399 1495 sic
1435 1455 1647 1509 scriptum
1679 1459 1754 1500 est,
1780 1459 1831 1495 ut

351 1515 438 1574 (ex.
456 1515 513 1573 2).
574 1517 625 1560 In
655 1518 759 1560 Cod.
783 1519 954 1562 Platon.
981 1526 1103 1562 1807.
1134 1527 1291 1563 notam
1324 1521 1714 1578 tachygraphicam
1741 1520 1831 1576 syl-

351 1588 463 1628 labae
485 1583 561 1635 οἶξ,
584 1602 681 1641 quae
701 1587 850 1629 similis
872 1595 936 1630 est
956 1590 1123 1631 duabus
1149 1591 1421 1645 apostrophis
1443 1591 1574 1646 juxta
1594 1602 1642 1630 se
1664 1588 1830 1644 positis,

353 1668 452 1696 cum
478 1654 595 1701 alibi,
615 1661 710 1697 tum
743 1655 789 1697 in
817 1670 926 1698 voce
949 1657 1164 1715 χαλεπαῖς
1196 1659 1355 1714 reperi.
1415 1658 1743 1712 Nonnunquam
1759 1655 1831 1704 a}

350 1723 531 1779 perinde
558 1730 606 1765 ut
637 1724 679 1773 e}
708 1723 830 1782 (vide
866 1726 985 1767 infra
1024 1727 1138 1768 hanc
1172 1725 1410 1783 syllabam)
1443 1724 1531 1768 una
1562 1725 1829 1781 apostropho

348 1791 579 1833 indicatur.
642 1791 691 1833 Id
711 1799 951 1848 propterea
975 1795 1154 1844 factum,
1175 1795 1277 1850 quia
1306 1794 1373 1845 {a}
1393 1802 1436 1837 et
1465 1797 1505 1844 ἓξ
1536 1795 1692 1836 eodem
1721 1805 1830 1835 sono

349 1860 766 1915 pronuntiabantur.

421 1945 458 1979 3.
499 1938 689 1994 Syllabae
730 1937 1228 1983 HJJ-vetustissimam
1275 1942 1404 1997 hujus
1443 1942 1627 1997 syllabae
1665 1947 1828 1989 notam.

351 2021 483 2062 quam
503 2007 550 2048 in
567 2006 789 2048 codicibus
809 2009 1018 2063 reperias,
1040 2023 1224 2051 cernere
1247 2011 1351 2051 licet
1380 2011 1425 2051 in
1447 2009 1628 2052 vocibus
1650 2007 1826 2056 κοιλίαν,

351 2074 525 2122 κόλλαν,
543 2073 658 2122 ὅταν,
677 2089 701 2116 e
714 2073 817 2116 Cod.
827 2074 937 2117 Plat.
955 2081 1085 2126 18073
1112 2091 1137 2118 e
1155 2092 1240 2132 quo
1256 2079 1392 2119 etiam
1408 2091 1538 2120 voces
1552 2073 1656 2133 πρὸς
1668 2075 1757 2134 (ex.
1772 2075 1827 2133 3),

349 2138 424 2197 τὴν
443 2141 529 2199 (eX.
546 2140 603 2198 4),
624 2141 822 2192 πέσωσιν,
840 2150 1031 2198 sumptae
1050 2144 1544 2188 sunt.—P0sterioribus
1557 2145 1828 2202 temporibus

351 2212 593 2268 angulosus
612 2212 704 2268 ejus
720 2212 874 2254 ductus
896 2213 1041 2269 magis
1065 2212 1322 2256 deflectebat
1348 2215 1395 2256 in
1425 2216 1672 2262 rotundum,
1694 2213 1827 2270 sylla-

350 2282 492 2335 baque
515 2280 570 2323 ὦ
589 2282 653 2322 sic
673 2282 960 2339 pingebatur,
981 2289 1032 2323 ut
1048 2282 1096 2323 in
1120 2281 1334 2332 τάλαντα,
1353 2282 1507 2331 πάντα,
1529 2278 1652 2339 ἦσαν.

409 2348 456 2389 Si
477 2350 787 2403 compendium
816 2350 998 2405 syllabae
1030 2348 1084 2392 ἦ
1103 2365 1192 2393 non
1221 2354 1583 2409 superscriptum,
1601 2354 1680 2395 sed
1701 2352 1829 2409 juxta

352 2421 536 2458 caeteras
563 2417 712 2458 literas
738 2418 785 2458 in
818 2416 912 2473 ipsa
939 2416 1055 2459 linea
1088 2419 1281 2462 locatum
1313 2427 1443 2469 esset,
1479 2422 1828 2464 confundebatur

350 2499 467 2527 nunc
487 2499 590 2527 cum
610 2491 646 2528 E
662 2483 796 2541 ψιλῷ,
811 2501 929 2529 nunc
950 2484 1051 2530 cum
1067 2489 1178 2540 Iota,
1193 2503 1311 2532 nunc
1331 2503 1432 2531 cum
1453 2496 1490 2532 Ο
1503 2487 1651 2545 μικρῷ.

406 2554 519 2595 Cum
551 2558 588 2595 E
609 2551 743 2608 ψιλῷ.
790 2554 912 2597 Conf.
937 2571 1069 2599 voces
1102 2558 1238 2601 ἐκεῖσε
1273 2564 1319 2600 et
1351 2553 1460 2612 ἦσαν
1478 2557 1565 2616 (ex.
1582 2558 1625 2609 2)
1662 2572 1687 2599 e
1719 2556 1824 2599 Cod.

350 2622 489 2664 Palat.
508 2627 604 2665 398.
635 2628 680 2664 et
698 2622 835 2665 Paris.
859 2629 950 2666 133.
1040 2626 1157 2669 Hinc
1195 2627 1335 2669 lector
1366 2627 1603 2684 intelliget,
1643 2627 1825 2685 Epsilon

348 2697 526 2733 tantum
557 2689 726 2734 minuta
762 2691 937 2744 lineola,
969 2707 1100 2749 quam
1130 2695 1178 2737 in
1208 2694 1352 2738 medio
1381 2696 1526 2744 habet,
1560 2709 1588 2738 a
1619 2709 1826 2751 compen-

350 2759 419 2801 dio
438 2760 619 2815 syllabae
641 2759 697 2800 οἶ]
716 2760 905 2804 differre.

405 2826 516 2868 Cum
550 2829 659 2879 Iota,
691 2831 866 2884 quando
903 2832 996 2873 haec
1029 2833 1161 2876 litera
1195 2835 1257 2875 sic
1297 2834 1511 2891 pingitur,
1545 2840 1593 2875 ut
1630 2834 1678 2874 in
1718 2844 1824 2873 voce

349 2889 474 2951 ὑγιὲς,
497 2911 520 2937 e
542 2896 645 2939 Cod.
663 2898 707 2939 S.
723 2898 872 2941 Germ.
893 2907 990 2943 345.
