1976 3288
637 220 693 247 or,
713 219 894 245 somnus
922 217 1086 243 minus.
1554 204 1604 244 ll

133 317 172 360 si
201 317 341 360 solam
370 317 508 372 legas,
541 315 746 357 facillime
781 312 1020 355 confundas
1053 325 1153 352 cum
1189 325 1230 352 v,
1256 310 1411 363 πίθον),
1446 310 1606 367 λαγῶς,

134 383 292 434 ἁπλῶς,
312 398 368 426 ex
388 383 494 425 Cod.
517 383 608 425 Pal.
630 388 727 424 398.
787 380 1100 422 Confusionem
1130 378 1269 420 literae
1299 383 1338 420 Π
1370 393 1469 420 cum
1500 384 1539 421 H
1565 387 1609 421 et

132 458 175 496 N
194 460 332 510 tango
357 466 490 507 supra
517 453 564 492 in
587 452 689 503 Eta,
711 456 756 491 et
784 449 902 490 infra
934 461 967 489 s·
991 447 1217 502 compend.
1239 447 1381 488 literae
1401 445 1609 488 Nu—Pi

133 521 478 576 superscriptum
496 520 543 561 in
559 520 722 561 unciali
741 514 958 573 scriptur&
978 515 1202 557 interdum
1222 514 1363 556 simile
1384 521 1449 556 est
1470 515 1604 556 lineo-

133 589 189 631 1ae
214 587 292 636 illi,
322 601 419 642 quae
452 587 674 644 significat
692 586 769 628 Nu
795 592 872 627 aut
894 584 1050 640 ΑῖρΙια.
1110 596 1149 623 v.
1172 582 1290 624 infra
1323 595 1356 623 s.
1380 583 1607 637 compend.

133 655 273 699 lioerae
299 655 457 712 Alpha.
516 654 604 697 Pro
635 660 674 697 Π
705 654 876 696 librarii
906 653 1072 709 passim
1100 652 1309 707 legerunt
1336 655 1403 697 TI,
1434 657 1479 691 et
1511 651 1608 692 vice

134 721 277 766 versi.
338 722 388 764 Si
410 724 626 765 secundus
659 724 810 764 ductus
836 723 976 763 literae
998 725 1051 768 Π,
1071 720 1115 761 id
1146 720 1261 774 quod
1292 719 1512 760 interdum
1543 718 1608 768 fit,

131 789 251 833 flexu
268 791 461 832 rotundo
482 792 682 847 pingitur
697 791 813 843 (vide
828 803 983 831 vocem
997 789 1162 843 πληγῆς
1180 802 1236 828 ex
1251 786 1357 828 Cod.
1370 785 1469 828 Par.
1488 783 1607 842 133):

131 858 259 900 facile
280 858 439 900 accidit
460 865 510 900 ut
534 859 581 900 τἐ·
599 873 679 914 pro
700 860 731 898 τῖ’
749 859 936 913 legatur.
998 856 1144 897 Etiam
1164 855 1281 896 inter
1299 859 1352 908 τ-ρ
1374 860 1417 895 et
1436 857 1470 894 ‘Tr
1487 853 1606 895 simi-

132 925 268 970 litudo
286 926 450 981 passim
476 926 729 968 intercedit:
767 926 933 967 scilicet
953 930 1062 969 tum,
1084 935 1186 964 cum
1215 922 1268 976 ῆ)
1304 923 1366 963 sic
1398 922 1610 977 scriptum

134 1001 216 1042 est,
238 1001 286 1036 ut
302 995 351 1036 in
370 1007 414 1035 v-
434 991 741 1047 ἐτραυμάτισεν
761 1007 785 1034 e
804 992 909 1034 Cod.
931 991 974 1033 S.
991 990 1145 1032 Germ.
1163 994 1257 1038 249,
1278 989 1608 1044 rotunditasque

135 1062 276 1104 literae
297 1061 394 1103 Rho
416 1061 574 1102 calami
593 1061 698 1102 vitio
719 1059 942 1102 confluxit.

195 1128 248 1171 In
266 1129 509 1171 minusculo
530 1129 762 1183 alphabeto
782 1126 875 1169 bini
894 1127 1049 1167 ductus
1078 1125 1218 1166 literae
1238 1126 1280 1171 ῗτ,
1304 1125 1472 1166 calamo
1492 1125 1612 1167 velo-

137 1197 246 1239 citer
276 1202 494 1243 currente,
529 1195 658 1237 facile
693 1203 789 1236 tam
822 1206 960 1248 prope
996 1193 1261 1239 scribuntur,
1296 1198 1344 1233 ut
1377 1193 1610 1235 amborum

137 1262 327 1306 confluat
354 1270 656 1306 atramentum
687 1269 732 1304 et
764 1263 895 1304 modo
920 1275 1047 1302 unam
1077 1260 1283 1302 lineolam
1314 1260 1524 1317 effingere
1546 1263 1611 1303 vi-

137 1331 304 1374 deutur.
354 1331 468 1374 Vide
484 1333 686 1374 voculam
705 1327 785 1386 πρὸ
806 1337 882 1372 aut
901 1326 1015 1384 πρὸς.
1067 1328 1193 1370 Hanc
1212 1330 1268 1370 ob
1286 1342 1461 1370 causam
1480 1330 1611 1371 toties

140 1401 421 1444 confunditur
440 1400 471 1441 ’ῖτ
491 1413 590 1441 cum
610 1403 648 1448 ἦ
669 1407 714 1441 et
734 1399 828 1440 vice
849 1396 991 1440 verst‘i.

196 1535 461 1578 Rha—Rho
487 1535 534 1576 in
560 1536 683 1577 libris
714 1549 849 1577 manu
880 1535 1053 1590 scriptis
1074 1541 1149 1576 aut
1181 1535 1245 1575 sic
1271 1534 1508 1576 formatum
1527 1544 1611 1584 est,

139 1609 190 1644 ut
207 1602 254 1644 in
273 1598 479 1658 εὕρηνται,
501 1608 575 1644 aut
594 1603 666 1650 sic,
688 1610 738 1644 ut
757 1603 803 1644 in
823 1600 1056 1656 βάρβαροι,
1079 1608 1154 1643 aut
1186 1600 1372 1655 denique
1404 1602 1477 1649 sic.
1500 1609 1547 1644 ut
1564 1604 1611 1644 in

198 1735 392 1779 Primam
411 1738 602 1779 formam
630 1736 855 1778 interdum
875 1749 978 1776 cum
997 1740 1033 1777 E
1055 1733 1176 1789 ψιλῷ
1207 1736 1509 1784 confuderunt,
1531 1739 1611 1780 im-

139 1805 293 1860 primis
313 1805 483 1862 quando
504 1805 643 1847 cauda
661 1804 777 1846 infra
796 1804 960 1846 lineam
979 1811 1054 1845 aut
1072 1804 1203 1859 plane
1229 1818 1329 1850 non,
1352 1811 1428 1846 aut
1451 1820 1611 1862 perpa—

139 1887 239 1916 rum
258 1875 578 1932 porrigeretur.
639 1888 682 1915 ν.
703 1887 837 1929 supra
855 1873 978 1914 illam
997 1873 1191 1914 literam.

197 1943 431 1985 Secundam
460 1944 752 1985 confuderunt
781 1955 882 1983 cum
907 1941 984 1983 Nu
1011 1939 1069 1996 (v.
1098 1937 1263 1995 supra),
1285 1939 1480 1996 itemque
1512 1957 1612 1985 cum

142 2011 239 2054 Iota
259 2011 378 2053 infra.
396 2012 560 2053 lineam
587 2012 812 2066 producto,
835 2009 1001 2050 scilicet
1030 2009 1205 2063 quando
1235 2008 1429 2050 calamus
1449 2009 1613 2052 veloci-

140 2086 212 2122 ter
230 2093 411 2122 currens
431 2081 640 2137 exiguum
660 2079 799 2120 literae
821 2078 916 2120 Rho
947 2078 1162 2119 circulum
1191 2084 1441 2119 atramento
1468 2079 1612 2133 reple-

142 2148 288 2190 visset.
348 2148 460 2191 Vide
481 2162 518 2189 e.
534 2163 568 2189 c.
589 2161 745 2188 vocem
763 2145 914 2204 χρόνος
933 2144 1020 2201 (ex.
1041 2143 1086 2199 2)
1105 2159 1130 2186 e
1149 2145 1254 2187 Cod.
1275 2144 1318 2186 S.
1340 2143 1490 2187 Germ.
1516 2153 1611 2188 345.

199 2215 571 2271 Syllaba-91‚Rh0
591 2231 690 2258 cum
711 2217 806 2257 Iota
826 2216 888 2256 sic
909 2228 1119 2261 connexe,
1139 2220 1188 2254 ut
1206 2213 1252 2254 in
1273 2214 1452 2255 vocibus
1479 2230 1613 2257 κατα-

142 2283 287 2338 ριθμεῖ,
309 2280 429 2338 οὔρια
447 2283 523 2340 (ex
543 2284 650 2325 Cod.
669 2283 778 2324 Ven.
799 2279 1002 2336 Homer.)
1023 2280 1225 2322 nonnihil
1252 2281 1383 2322 habet
1408 2282 1611 2323 similitu-

145 2352 258 2393 dinis
276 2365 377 2393 cum
396 2351 636 2408 ast—Etiam
654 2351 840 2405 simplex
860 2349 956 2392 Rho
981 2347 1095 2405 (sine
1116 2346 1150 2404 ἱ)
1174 2348 1400 2390 interdum
1427 2349 1612 2392 habetur

145 2433 228 2474 pro
250 2419 440 2467 Gemma,
463 2426 507 2462 et
526 2420 619 2460 vice
638 2417 781 2460 versa.

202 2488 270 2530 De
301 2487 580 2530 similitudine
612 2486 751 2529 literae
784 2485 872 2528 Phi
904 2500 1005 2528 cum
1033 2483 1163 2528 litera
1194 2485 1285 2528 Rho
1312 2499 1352 2526 v,
1375 2485 1492 2527 infra
1517 2500 1613 2527 voc.

242 2573 291 2598 ιν.

145 2561 394 2666 φαΊῗετ-ίὶαπι
411 2625 602 2665 formam
621 2623 760 2664 literae
781 2622 877 2664 Rho
905 2620 1198 2663 confuderunt
1230 2634 1328 2662 cum
1359 2617 1615 2673 compendio

147 2693 328 2747 syllabae
355 2691 442 2734 aa.
502 2689 549 2731 Si
569 2690 822 2731 rotunditas
852 2689 978 2744 hujus
997 2689 1094 2730 Rho
1121 2694 1370 2730 atramento
1395 2683 1616 2737 impletur,

147 2758 385 2801 similitudo
404 2759 595 2801 nascitur
616 2772 717 2800 cum
732 2757 991 2814 compendio
1011 2757 1191 2813 syllabae
1209 2758 1265 2803 ιῖι,
1280 2761 1354 2797 aut
1370 2766 1472 2794 cum
1490 2748 1618 2792 litera

148 2843 185 2878 η.
257 2826 370 2869 Vide
403 2826 520 2869 infra
557 2827 749 2882 syllabas
783 2826 855 2866 613
886 2831 931 2866 et
962 2827 1018 2872 ᾶῖ,
1049 2824 1243 2879 itemque
1276 2835 1411 2878 supra
1442 2822 1618 2869 literam
