1976 3288
9 1389 14 1394 ,
0 670 13 1367 -Ww--Wffffi-v-
0 450 15 661 nvn-v—p--v
0 404 4 420 -·
0 371 10 385 ἰ

0 1571 18 1775 «Wl'ff'ssv-

742 215 991 272 ’(61)

333 337 507 377 0.-DE
541 337 648 376 USU
685 339 1018 378 LITERARUM
1058 341 1135 379 AD
1172 341 1439 382 NUMEROS

702 409 1061 447 INDICANDOS.

145 473 331 525 Qumo
356 476 500 517 literae
529 486 796 532 usurpantur
825 491 907 532 pro
941 479 1083 535 signis
1115 493 1415 528 numerorum,
1450 482 1621 524 librarii

144 543 201 585 iis
232 545 601 600 superimponunt
624 545 833 587 lineolam
851 544 925 601 (-),
942 547 1163 588 interdum
1189 549 1322 590 etiam
1348 550 1620 591 asteriscum.

145 624 187 653 v.
209 611 407 668 Append.
428 626 469 667 p.
489 617 550 653 15.
611 611 741 654 Hanc
766 613 975 655 lineolam
1003 628 1122 671 saepe
1151 617 1446 672 neglexerunt
1473 624 1621 659 notas-

145 692 231 734 que
263 680 514 721 numerales
548 680 798 722 habuerunt
826 695 910 736 pro
943 683 1211 738 simplicibus
1245 684 1399 726 literis.
1471 684 1543 725 Sic
1573 685 1621 725 in

145 745 290 802 nym.
310 745 372 788 Μ.
392 761 433 802 p.
454 753 548 794 569,
570 754 636 789 35.
661 748 828 804 legitur
865 749 1104 792 infinitivus
1141 751 1285 798 ποιεῖν,
1321 766 1404 807 pro
1441 752 1552 794 ποιεῖ
1588 754 1624 800 17,

141 815 173 856 i.
185 828 222 856 e.
236 815 351 857 ποιεῖ
371 811 639 870 πεντήκοντα,
661 818 777 870 quod
806 830 862 858 ex
882 816 1049 859 Orione
1076 819 1408 861 restituendum.
1468 835 1507 861 V.
1528 819 1620 876 Ap-

142 883 272 938 pend.
291 897 336 938 p.
354 887 419 924 55.
478 883 746 926 Villoisonus
774 885 821 925 in
851 883 1034 927 Scholiis
1053 884 1304 928 Homericis
1334 888 1446 944 legit
1465 888 1514 930 ἐκ
1533 886 1618 930 τῶν

144 945 349 1005 ἑξήκοντα
377 949 544 1006 ἀνδρῶν
570 966 654 1007 pro
677 951 726 994 ἐκ
747 953 775 993 ἷ-
799 948 1002 1006 ἑξῆκοντα
1022 953 1063 995 ἀ.
1085 954 1111 994 i.
1128 967 1165 996 e.
1185 954 1235 996 ἐκ
1253 953 1506 1009 τριακοσίων
1527 951 1618 1010 ἐξῆ-

144 1033 277 1060 κοντα
307 1019 351 1062 ἀ.
409 1033 452 1061 v,
471 1020 574 1061 ibid.
594 1035 638 1075 p.
658 1027 724 1063 56.
800 1018 849 1074 ὅ]
875 1022 1203 1077 (compendium
1232 1024 1359 1065 verbi
1390 1021 1543 1080 φασὶν)
1572 1024 1619 1066 in

143 1084 278 1128 Suids
305 1087 557 1129 habuerunt
584 1102 664 1143 pro
690 1088 727 1146 ᾧ
751 1087 1068 1145 (πεντακόσιοι).
1126 1104 1166 1131 V.
1196 1090 1329 1146 Epist.
1351 1105 1391 1145 p.
1413 1097 1504 1133 176.
1568 1091 1616 1134 In

144 1153 381 1209 Apollonio
401 1155 594 1210 Dyscolo
614 1171 689 1197 ενα
707 1170 797 1197 non
817 1158 1076 1198 mutandum
1096 1172 1197 1199 cum
1217 1158 1390 1200 Sturzio
1412 1161 1458 1201 in
1479 1154 1522 1202 ἓν
1543 1167 1618 1202 aut

144 1221 223 1268 ἔον,
245 1223 322 1263 sed
347 1223 588 1279 legendum
614 1223 660 1264 ἐν
682 1226 721 1270 ἆ,
742 1224 768 1264 i.
786 1237 823 1266 e.
844 1221 889 1264 ἐν
914 1221 1078 1278 πρώτῳ.
1139 1226 1224 1266 vid.
1246 1225 1435 1283 Gregor.
1456 1241 1498 1283 p.
1520 1233 1616 1269 616.

143 1288 311 1337 Literis,
333 1292 414 1332 etsi
433 1304 521 1333 non
538 1291 834 1334 indicantibus
864 1306 1083 1340 numeros,
1105 1295 1280 1336 librarii
1298 1302 1446 1337 tamen
1466 1310 1619 1351 super-

139 1357 369 1413 imponere
397 1359 540 1401 solent
565 1360 786 1412 lineolam,
808 1376 844 1403 e.
861 1375 898 1403 c.
916 1362 1157 1404 scribentes
1185 1359 1235 1405 τὸ
1257 1365 1299 1411 ἆ,
1318 1361 1367 1405 τὸ
1385 1357 1430 1416 β,
1455 1378 1538 1419 pro
1569 1361 1619 1406 τὸ

144 1420 284 1483 ἄλφα,
304 1423 355 1468 τὸ
373 1427 501 1482 βῆτα.

212 1492 599 1542 Quemadmodum
628 1490 673 1549 β,
690 1488 737 1553 ἢ,
759 1489 786 1539 5
805 1505 885 1540 etc.
906 1498 1160 1555 significare
1194 1507 1377 1555 possunt
1409 1507 1500 1542 tam
1532 1499 1616 1548 δύο,

141 1561 264 1617 τρεῖς,
283 1561 491 1619 τέσσαρες
508 1565 588 1607 &c.
610 1579 742 1621 quam
772 1564 972 1621 δεύτερος,
994 1565 1144 1622 τρίτος,
1164 1567 1366 1623 τέταρτος
1388 1575 1479 1616 etc„
1499 1570 1561 1611 sic
1588 1571 1617 1611 ἃ

141 1630 291 1672 valere
319 1638 466 1686 potest
502 1640 597 1675 tam
626 1628 692 1682 εἷς,
726 1649 859 1689 quam
892 1634 1068 1690 πρῶτος.
1139 1635 1330 1683 Quando
1363 1644 1485 1679 notae
1519 1644 1618 1679 sunt

140 1699 405 1741 ordinalium
453 1715 753 1749 numerorum,
793 1703 936 1744 finalis
980 1705 1162 1758 syllaba,
1211 1718 1341 1759 quam
1387 1711 1617 1747 contextus

140 1766 295 1822 poscit,
326 1770 497 1823 passim
534 1771 889 1824 superscribitur.
950 1770 998 1812 Ε.
1016 1786 1051 1813 c.
1081 1758 1119 1814 A⁰
1148 1773 1261 1813 valet
1290 1786 1372 1826 pro
1402 1771 1615 1827 τέταρτος.

141 1833 366 1878 Praeterea
397 1835 672 1890 δισύλλαβος,
692 1836 986 1892 τρισύλλαβος
1015 1853 1332 1894 nonnunquam
1365 1841 1617 1882 scribuntur

139 1896 339 1958 Bo'bM‘J,
359 1903 556 1961 ῨσύλλιΙ·

198 1971 250 2015 In
267 1973 395 2015 libris
416 1973 600 2014 citandis
623 1975 934 2028 compendium
952 1975 998 2017 ἐν
1017 1976 1055 2031 ‘J
1069 1983 1144 2017 aut
1164 1963 1212 2018 ἐιῖ
1235 1979 1273 2032 ἢ
1286 1975 1454 2030 expleri
1474 1982 1616 2030 potest

137 2047 233 2083 tam
258 2041 331 2088 sic,
358 2041 404 2083 ἐν
426 2042 479 2094 τῇ
502 2039 622 2096 τρίτῃ
660 2044 859 2091 (subaud.
880 2041 1048 2100 βίβλῳ)
1076 2058 1208 2099 quam
1238 2045 1301 2085 sic
1332 2044 1376 2086 ἐν
1402 2042 1463 2098 τῷ
1488 2042 1616 2098 τρίτῳ

143 2109 343 2161 (subaud.
362 2107 555 2165 βιβλίῳ).
619 2109 736 2152 Hinc
770 2119 880 2153 ortae
916 2119 1022 2153 sunt
1057 2113 1332 2154 diversitates
1367 2113 1612 2166 scripturae.

138 2177 193 2218 de
213 2177 382 2231 quibus,
404 2178 460 2218 ad
480 2177 672 2234 Gregor.
693 2193 733 2233 p.
750 2183 814 2225 71,
836 2185 928 2226 106,
953 2180 1033 2221 &c.

196 2245 384 2301 Signum
402 2245 564 2300 Koppa
589 2244 652 2302 (v.
673 2261 805 2288 voces
834 2246 940 2290 ε’τῶν
961 2243 1245 2301 ἐννενήκοντα,
1268 2262 1293 2288 e
1314 2247 1418 2289 Cod.
1440 2248 1612 2290 Platon.

143 2311 285 2366 180‘1.)
311 2313 359 2354 in
387 2312 574 2354 Scholiis
596 2313 763 2355 Platon.
788 2320 935 2369 p.l95.
959 2329 1194 2370 perperam
1223 2315 1428 2371 legerunt
1458 2330 1540 2371 pro
1571 2319 1616 2358 σῖ

138 2379 263 2434 (210)
280 2394 379 2422 cum
396 2380 559 2423 indicet
578 2382 833 2438 nonaginta.
892 2397 933 2423 V.
954 2382 1149 2438 Gregor.
1171 2397 1211 2438 p.
1230 2388 1295 2423 82.

190 2449 252 2491 Ut
279 2450 421 2490 literae
440 2455 473 2491 Γ
493 2456 537 2491 et
556 2455 602 2497 T,
615 2451 798 2505 perinde
829 2451 1155 2492 confunduntur
1174 2450 1285 2505 τρεῖς
1303 2458 1347 2492 et
1364 2450 1611 2504 τριακόσιοι.

137 2517 324 2560 Lineola
360 2526 613 2559 transversa
641 2516 695 2574 (¹)
725 2525 845 2560 notae
880 2518 1082 2573 imposita
1120 2519 1339 2560 numerali
1371 2519 1499 2574 signo
1533 2526 1610 2565 est,

139 2584 249 2628 nota
267 2584 344 2628 illa
363 2586 549 2627 indicari
568 2587 950 2628 denominatorem
969 2587 1189 2633 fracturae,
1213 2587 1281 2641 cuj
1287 2600 1334 2627 us
1352 2593 1612 2627 numerator

138 2660 207 2695 est
226 2653 383 2695 unitas.
442 2653 492 2694 E.
513 2667 551 2694 c.
571 2651 711 2709 ⁶9²&
753 2642 861 2709 3'=‡
895 2653 976 2695 &c.

198 2728 223 2744 “
243 2720 431 2768 Quando
451 2727 709 2762 numerator
729 2735 817 2763 uno
839 2728 937 2764 erat
962 2722 1119 2776 major,
1141 2723 1446 2763 denominator
1465 2722 1611 2763 locum

139 2796 162 2812 “
182 2789 371 2830 eundem
404 2788 602 2835 obtinuit,
634 2803 767 2844 quem
802 2790 917 2844 apud
951 2803 1034 2831 nos
1065 2796 1343 2845 exponentes.
1416 2789 1488 2831 Sic
1523 2789 1611 2830 15⁶¹

135 2863 261 2899 notat
283 2849 337 2912 ffi-
356 2856 428 2898 vel
449 2849 538 2906 ιεξῖς
570 2849 651 2912 ὦ
673 2858 947 2900 scribebatur
969 2857 1093 2909 cena-³2
1156 2857 1380 2898 Delambr.
