1976 3288
342 229 398 270 52
863 248 1128 275 mmo-Remum
1149 247 1295 274 vocum.

367 379 371 383 .
399 340 677 396 Μηδεί-Ριό
700 341 778 384 hac
799 342 1015 397 particula
1038 339 1276 397 composita
1304 341 1477 383 librarii
1497 352 1692 395 persaepe
1712 339 1818 381 scri-

342 412 461 458 bunt,
484 411 710 466 diremptis
731 412 925 458 vocibus,
947 426 972 452 e
993 410 1147 465 quibus
1167 414 1352 457 constat,
1371 402 1427 463 μὴ
1448 402 1503 456 δὲ,
1521 409 1585 462 sic
1605 413 1656 450 ut
1677 409 1819 450 ambae

344 479 411 520 hae
433 479 660 533 particulae
681 487 868 521 accentu
888 493 966 521 suo
986 479 1271 520 instruantur.

413 545 884 603 Ξενοφῶν.-Ο,εωεειῐῐι
919 547 1184 588 confusionis
1214 559 1374 587 vocum
1404 543 1598 601 Ξενοφῶν
1629 551 1674 586 et
1707 543 1822 599 ξένος

343 613 403 671 (v.
427 616 563 670 Epist.
590 630 631 670 p.
651 615 750 672 133)
781 615 973 657 indicavi
1005 629 1149 670 supra.
1210 630 1249 655 v.
1275 612 1564 669 Ἀριστοτέλης
1642 612 1693 654 In
1715 613 1820 654 Cod.

346 683 387 724 S.
410 684 562 726 Germ.
582 691 676 727 345.
697 683 892 741 Ξενοφῶν
912 698 1227 739 nonnunquam
1247 682 1338 725 sol&
1362 680 1490 724 liter&
1510 678 1548 737 ξ,
1569 683 1639 723 cui
1669 695 1822 736 super-

346 752 508 806 scripta
538 759 602 795 est
630 753 661 800 ἓ,
690 753 922 795 indicatur.
983 751 1095 793 Vide
1124 765 1256 793 voces
1284 748 1482 807 Ξενοφῶν
1514 747 1822 805 ἀπομνημονεύ-

343 835 485 872 μασιν.

404 886 719 942 ‘Officii—Vide
749 904 881 932 voces
912 890 966 939 ὡς
985 888 1071 946 (ex.
1086 887 1134 946 6)
1164 889 1242 931 οὐκ
1261 884 1374 931 ἔστιν
1393 887 1499 942 ὁμοῦ
1513 886 1602 944 (ex.
1621 886 1665 942 l)
1694 888 1822 943 ῥαθυ-

346 957 448 1010 μεῖν,
470 973 494 999 e
515 959 621 1002 Cod.
644 961 817 1003 Libanii
839 965 962 1002 2918.
1038 959 1089 1000 In
1113 958 1297 1000 Scholiis
1319 957 1491 998 Codicis
1513 956 1679 998 Platon.
1702 960 1823 996 1807.

346 1026 510 1081 legitur
529 1029 651 1071 locus
680 1032 767 1071 tab.
789 1045 815 1070 1.
835 1034 1187 1083 repraesentatus,
1209 1041 1293 1080 quo
1324 1027 1372 1067 in
1401 1027 1499 1066 loco
1530 1025 1660 1066 aliam
1691 1025 1824 1066 etiam

346 1100 499 1135 notam
519 1095 648 1152 hujus
672 1098 869 1139 adverbii
884 1095 1100 1151 reperisse
1119 1096 1226 1136 mihi
1242 1096 1405 1136 videor.
1458 1093 1599 1141 Hanc,
1618 1092 1690 1148 qui
1709 1094 1825 1135 codi-

349 1177 445 1203 cem
478 1164 526 1205 in
559 1165 809 1207 Ruhnkenii
844 1165 1036 1221 gratiam
1069 1164 1270 1210 excussit,
1293 1177 1393 1204 cum
1423 1176 1514 1204 non
1543 1161 1823 1218 intelligeret,

348 1231 478 1285 plane
499 1233 660 1275 omisit.
710 1234 872 1275 Totum
887 1233 1053 1285 locum,
1068 1238 1118 1273 ut
1139 1246 1164 1273 e
1185 1233 1331 1273 codice
1354 1231 1643 1287 corrigendus
1664 1236 1738 1276 est,
1752 1230 1824 1271 hic

350 1313 591 1354 apponam:
621 1300 699 1343 Ἐκ
727 1299 812 1343 τῶν
832 1298 1015 1342 Μανεθὼ
1037 1298 1350 1356 Αἰγυπτιακῶν·
1386 1297 1722 1351 ἑπτακαιδεκάτη
1752 1298 1823 1340 δυ-

351 1365 733 1423 ναστεῖαποιμένες
760 1364 868 1423 ἦσαν
900 1364 1079 1423 ἀδελφοὶ
1102 1366 1294 1416 Φοίνικες,
1317 1366 1424 1421 ξένοι
1458 1367 1666 1419 βασιλεῖς,
1693 1361 1732 1409 οἳ
1753 1364 1823 1409 καὶ

348 1432 520 1490 Μέμφιν
540 1430 662 1481 εἷλον,
688 1426 747 1477 ῶν
766 1432 930 1488 πρῶτος
945 1426 1103 1484 Σαΐτης
1122 1431 1404 1484 ἐβασίλευσεν
1423 1427 1495 1484 ἔτη
1517 1428 1567 1479 ἶῧ,
1590 1432 1665 1489 ἀφ’
1679 1425 1732 1474 οῧ
1753 1430 1823 1474 καὶ

349 1502 371 1542 ὁ
392 1495 548 1556 Σαΐτης
568 1498 689 1556 νομὸς
710 1497 864 1555 ἐκλήθη
885 1532 1048 1547 ......
1072 1499 1259 1555 δεύτερος
1278 1499 1438 1542 τούτων
1453 1498 1570 1542 Βνῶν
1588 1497 1659 1553 ἔτη
1678 1503 1720 1554 ᾗ,
1736 1499 1825 1556 τρί-

346 1587 415 1618 τος
447 1569 627 1627 Ἀρχάης
657 1566 728 1622 ἔτη
767 1567 808 1617 Χ,
842 1568 1045 1624 τέταρτος
1067 1566 1265 1625 ’Άφωφις
1305 1566 1376 1621 ἔτη
1411 1561 1462 1616 ι-δ,
1500 1568 1605 1623 ὁμοῦ
1640 1568 1705 1623 ἦ
1728 1567 1773 1626 (i.
1786 1583 1823 1611 e.

346 1637 516 1681 summit
536 1637 652 1680 fact&
674 1652 811 1680 annos
838 1644 940 1679 103:
972 1637 1012 1678 ιδ
1032 1644 1075 1679 et
1094 1637 1199 1691 ὁμοῦ
1217 1639 1375 1679 desunt
1395 1638 1441 1679 in
1462 1638 1563 1679 edit.
1580 1637 1826 1690 Ruhnken.)

348 1708 369 1748 ὁ
401 1702 446 1748 δὲ
473 1699 630 1759 Σαΐτης
667 1705 900 1761 προσέθηκε
929 1704 989 1759 τῷ
1020 1702 1115 1759 μηνὶ
1146 1703 1259 1760 ὥρας
1290 1701 1349 1758 TE,
1379 1706 1432 1754 ὡς
1467 1703 1570 1748 εἶναι
1605 1705 1769 1761 ἡμερῶν
1793 1704 1826 1750 X

349 1793 383 1817 κ.
398 1792 433 1817 τ.
447 1780 488 1817 λ.
531 1775 639 1817 Duae
659 1775 746 1816 illae
766 1775 950 1825 lineolae,
965 1789 1070 1828 quas
1090 1775 1232 1815 habeo
1252 1789 1334 1829 pro
1354 1773 1462 1816 notz‘i
1477 1773 1826 1831 tachygraphicii

347 1843 546 1886 adverbii
578 1842 689 1896 ὁμοῦ,
724 1844 946 1898 hucusque
979 1844 1026 1884 in
1055 1844 1178 1885 nullo
1214 1844 1298 1885 alio
1336 1845 1483 1886 codice
1517 1844 1628 1885 mihi
1666 1844 1824 1886 oblatae

348 1917 464 1952 sunt.
515 1910 562 1951 Si
577 1917 694 1952 sorte
715 1911 855 1957 fallar,
873 1913 1037 1965 peritos
1058 1926 1208 1952 rerum
1225 1912 1682 1968 palaeographicarum
1697 1925 1823 1968 rogo,

347 1986 395 2021 ut
414 1979 599 2020 meliora
618 1993 690 2020 me
713 1979 907 2021 doceant.
1581 1985 1584 1988 '

405 2044 832 2102 ”Ovopam—Pluralis
852 2062 1062 2090 numerus
1084 2049 1213 2105 hujus
1232 2048 1423 2090 nominis
1445 2048 1610 2103 passim
1631 2049 1696 2090 sic
1717 2047 1824 2089 scri-

347 2116 477 2162 bitur,
501 2123 548 2157 ut
568 2116 759 2158 ostendit
779 2118 866 2158 tab.
884 2132 966 2158 x1v.

404 2182 830 2239 ‘offendo—Vide
849 2199 982 2239 supra
1002 2186 1048 2226 in
1069 2185 1273 2241 ἀόριστος.

406 2248 550 2302 Ὅταν,
582 2252 863 2295 &mirem—In
899 2255 1080 2296 vetustis
1112 2255 1331 2297 codicibus
1361 2255 1454 2296 fere
1490 2250 1621 2301 ὅτ’ἃν,
1650 2250 1825 2298 ὁπότ’ἂν

348 2322 562 2377 scriptum
579 2323 757 2377 legitur.
810 2337 848 2362 v.
866 2321 1065 2377 Append.
1081 2337 1122 2378 p.
1136 2327 1204 2370 20,
1218 2328 1284 2365 26.
1302 2322 1490 2380 Gregor.
1509 2338 1548 2378 p.
1569 2329 1640 2364 161
1652 2354 1662 2364 .
1703 2323 1825 2365 Pari-

346 2398 414 2432 ter
435 2391 539 2431 dant
558 2404 731 2444 semper
751 2389 791 2445 'y'
806 2383 879 2430 οὖν
899 2404 980 2444 pro
1001 2390 1115 2446 γοῦν,
1138 2398 1220 2433 etc.

403 2457 641 2500 “On—De
661 2459 775 2499 notis
794 2459 1152 2514 tachygraphicis
1172 2460 1299 2515 hujus
1318 2461 1545 2514 particulae
1574 2459 1664 2501 dixi
1692 2474 1826 2514 supra

346 2541 385 2580 p.
402 2532 467 2566 33.
490 2526 599 2566 item
618 2525 664 2565 in
684 2539 724 2565 v.
746 2523 870 2566 ἐστίν.
932 2524 983 2565 In
1004 2526 1196 2581 Etymol.
1219 2526 1402 2568 Sorbon.
1423 2524 1483 2568 ὅτι
1504 2528 1730 2569 interdum
1759 2528 1823 2568 sic

345 2593 561 2640 scribitur,
583 2599 632 2634 ut
652 2593 779 2634 docet
801 2607 867 2634 ex.
884 2600 920 2633 3.

413 2660 644 2716 Οὐδέτερον
677 2675 995 2718 nonnunquam
1024 2664 1297 2720 significatur
1330 2664 1422 2709 sold
1453 2662 1625 2720 syllaba
1659 2666 1719 2715 ὦ,
1754 2664 1823 2705 cui

347 2730 474 2771 litera
495 2727 520 2769 δ
540 2732 842 2785 superscripta
857 2738 937 2772 est.
1000 2732 1141 2775 Locus
1161 2733 1411 2789 Etymolog.
1433 2733 1569 2775 Paris.
1589 2732 1826 2774 secundum

347 2798 556 2839 orationis
585 2798 745 2840 seriem
776 2799 865 2856 legi
903 2801 1033 2842 debet
1068 2801 1133 2850 ὡς,
1168 2799 1267 2856 παρ’
1290 2800 1507 2856 οὐδέτερον
1542 2798 1824 2856 συγκείμενον.

346 2864 443 2905 Hoc
474 2865 522 2906 ὦ
551 2880 639 2908 non
671 2880 845 2922 semper
879 2876 1001 2911 recte
1034 2871 1331 2925 expleverunt,
1365 2872 1412 2912 in
1438 2871 1584 2912 locum
1618 2868 1830 2925 genuinae
