<?xml version="1.0" encoding="UTF-8"?>
<!DOCTYPE html PUBLIC "-//W3C//DTD XHTML 1.0 Transitional//EN"
    "http://www.w3.org/TR/xhtml1/DTD/xhtml1-transitional.dtd">
<html xmlns="http://www.w3.org/1999/xhtml" xml:lang="en" lang="en">
 <head>
  <title>
</title>
<meta http-equiv="Content-Type" content="text/html;charset=utf-8" />
  <meta name='ocr-system' content='tesseract 3.04.00' />
  <meta name='ocr-capabilities' content='ocr_page ocr_carea ocr_par ocr_line ocrx_word'/>
</head>
<body>
  <div class='ocr_page' id='page_1' title='image "./excerptaexcommen00bastuoft_0017.png"; bbox 0 0 1976 3288; ppageno 0'>
   <div class='ocr_carea' id='block_1_1' title="bbox 0 1959 50 3288">
    <p class='ocr_par' dir='ltr' id='par_1_1' title="bbox 0 1959 50 3288">
     <span class='ocr_line' id='line_1_1' title="bbox 0 1959 50 3288; baseline 0 0"><span class='ocrx_word' id='word_1_1' title='bbox 0 1959 50 3288; x_wconf 95' lang='lat' dir='ltr'> </span> 
     </span>
    </p>
   </div>
   <div class='ocr_carea' id='block_1_2' title="bbox 743 682 1020 695">
    <p class='ocr_par' dir='ltr' id='par_1_2' title="bbox 743 682 1020 695">
     <span class='ocr_line' id='line_1_2' title="bbox 743 682 1020 695; textangle 90"><span class='ocrx_word' id='word_1_2' title='bbox 743 682 1020 695; x_wconf 61' lang='lat' dir='ltr'>l</span> 
     </span>
    </p>
   </div>
   <div class='ocr_carea' id='block_1_3' title="bbox 475 931 1270 976">
    <p class='ocr_par' dir='ltr' id='par_1_3' title="bbox 475 931 1270 976">
     <span class='ocr_line' id='line_1_3' title="bbox 475 931 1270 976; baseline -0.001 -2"><span class='ocrx_word' id='word_1_3' title='bbox 475 933 667 974; x_wconf 85' lang='lat' dir='ltr'><strong><em>A.—DE</em></strong></span> <span class='ocrx_word' id='word_1_4' title='bbox 698 932 981 976; x_wconf 90' lang='lat' dir='ltr'><strong>SINGULIS</strong></span> <span class='ocrx_word' id='word_1_5' title='bbox 1023 931 1270 974; x_wconf 88' lang='lat' dir='ltr'><strong>LITERIS.</strong></span> 
     </span>
    </p>
   </div>
   <div class='ocr_carea' id='block_1_4' title="bbox 141 1059 1615 2347">
    <p class='ocr_par' dir='ltr' id='par_1_4' title="bbox 141 1059 1615 2347">
     <span class='ocr_line' id='line_1_4' title="bbox 143 1059 1613 1119; baseline -0.003 -10"><span class='ocrx_word' id='word_1_6' title='bbox 143 1059 534 1119; x_wconf 46' lang='lat' dir='ltr'>Atrum—Alphe</span> <span class='ocrx_word' id='word_1_7' title='bbox 550 1070 597 1104; x_wconf 90' lang='lat' dir='ltr'>et</span> <span class='ocrx_word' id='word_1_8' title='bbox 614 1063 740 1105; x_wconf 79' lang='lat' dir='ltr'>Delta</span> <span class='ocrx_word' id='word_1_9' title='bbox 761 1064 891 1104; x_wconf 89' lang='lat' dir='ltr'>ductu</span> <span class='ocrx_word' id='word_1_10' title='bbox 911 1076 999 1104; x_wconf 90' lang='lat' dir='ltr'>non</span> <span class='ocrx_word' id='word_1_11' title='bbox 1021 1062 1226 1103; x_wconf 81' lang='lat' dir='ltr'>dissimili</span> <span class='ocrx_word' id='word_1_12' title='bbox 1251 1062 1502 1105; x_wconf 86' lang='lat' dir='ltr'>scribuntur</span> <span class='ocrx_word' id='word_1_13' title='bbox 1521 1069 1613 1104; x_wconf 86' lang='lat' dir='ltr'>tam</span> 
     </span>
     <span class='ocr_line' id='line_1_5' title="bbox 143 1132 1615 1192; baseline -0.002 -14"><span class='ocrx_word' id='word_1_14' title='bbox 143 1137 191 1178; x_wconf 88' lang='lat' dir='ltr'>in</span> <span class='ocrx_word' id='word_1_15' title='bbox 215 1135 452 1192; x_wconf 81' lang='lat' dir='ltr'>alphabeto</span> <span class='ocrx_word' id='word_1_16' title='bbox 475 1133 640 1175; x_wconf 85' lang='lat' dir='ltr'>unciali</span> <span class='ocrx_word' id='word_1_17' title='bbox 660 1147 792 1188; x_wconf 90' lang='lat' dir='ltr'>quam</span> <span class='ocrx_word' id='word_1_18' title='bbox 811 1133 856 1174; x_wconf 87' lang='lat' dir='ltr'>in</span> <span class='ocrx_word' id='word_1_19' title='bbox 876 1132 1134 1173; x_wconf 87' lang='lat' dir='ltr'>minusculo.</span> <span class='ocrx_word' id='word_1_20' title='bbox 1194 1132 1260 1173; x_wconf 91' lang='lat' dir='ltr'>De</span> <span class='ocrx_word' id='word_1_21' title='bbox 1280 1132 1435 1174; x_wconf 89' lang='lat' dir='ltr'>formis</span> <span class='ocrx_word' id='word_1_22' title='bbox 1457 1134 1615 1175; x_wconf 83' lang='lat' dir='ltr'>harum</span> 
     </span>
     <span class='ocr_line' id='line_1_6' title="bbox 141 1196 1613 1256; baseline -0.001 -11"><span class='ocrx_word' id='word_1_23' title='bbox 141 1203 375 1245; x_wconf 83' lang='lat' dir='ltr'>literarum</span> <span class='ocrx_word' id='word_1_24' title='bbox 402 1200 656 1243; x_wconf 82' lang='lat' dir='ltr'>minusculis</span> <span class='ocrx_word' id='word_1_25' title='bbox 684 1201 786 1241; x_wconf 89' lang='lat' dir='ltr'>vide</span> <span class='ocrx_word' id='word_1_26' title='bbox 813 1213 944 1241; x_wconf 83' lang='lat' dir='ltr'>voces</span> <span class='ocrx_word' id='word_1_27' title='bbox 970 1196 1091 1255; x_wconf 78' lang='grc' dir='ltr'>ἀμφὶ,</span> <span class='ocrx_word' id='word_1_28' title='bbox 1118 1197 1295 1248; x_wconf 79' lang='grc' dir='ltr'>Αἰνείας,</span> <span class='ocrx_word' id='word_1_29' title='bbox 1324 1198 1448 1247; x_wconf 81' lang='grc' dir='ltr'><strong><em>διατί,</em></strong></span> <span class='ocrx_word' id='word_1_30' title='bbox 1473 1199 1613 1256; x_wconf 76' lang='grc' dir='ltr'><em>δῆμον,</em></span> 
     </span>
     <span class='ocr_line' id='line_1_7' title="bbox 142 1265 1612 1325; baseline -0.002 -13"><span class='ocrx_word' id='word_1_31' title='bbox 142 1284 199 1312; x_wconf 84' lang='lat' dir='ltr'>ex</span> <span class='ocrx_word' id='word_1_32' title='bbox 226 1269 330 1312; x_wconf 87' lang='lat' dir='ltr'>cod.</span> <span class='ocrx_word' id='word_1_33' title='bbox 353 1269 588 1311; x_wconf 86' lang='lat' dir='ltr'>Marciano</span> <span class='ocrx_word' id='word_1_34' title='bbox 620 1267 807 1309; x_wconf 86' lang='lat' dir='ltr'>Homeri</span> <span class='ocrx_word' id='word_1_35' title='bbox 832 1267 887 1308; x_wconf 91' lang='lat' dir='ltr'>A.</span> <span class='ocrx_word' id='word_1_36' title='bbox 912 1273 957 1308; x_wconf 90' lang='lat' dir='ltr'>et</span> <span class='ocrx_word' id='word_1_37' title='bbox 983 1265 1286 1308; x_wconf 84' lang='lat' dir='ltr'>Montfaucon.</span> <span class='ocrx_word' id='word_1_38' title='bbox 1300 1267 1513 1325; x_wconf 77' lang='lat' dir='ltr'>Palaeogr.</span> <span class='ocrx_word' id='word_1_39' title='bbox 1535 1268 1612 1310; x_wconf 92' lang='lat' dir='ltr'>Gr.</span> 
     </span>
     <span class='ocr_line' id='line_1_8' title="bbox 143 1334 1614 1395; baseline -0.003 -14"><span class='ocrx_word' id='word_1_40' title='bbox 143 1353 184 1395; x_wconf 92' lang='lat' dir='ltr'>p.</span> <span class='ocrx_word' id='word_1_41' title='bbox 197 1344 293 1381; x_wconf 74' lang='lat'><strong>34⁷.</strong></span> <span class='ocrx_word' id='word_1_42' title='bbox 345 1337 428 1379; x_wconf 85' lang='lat' dir='ltr'>Hae</span> <span class='ocrx_word' id='word_1_43' title='bbox 442 1337 587 1378; x_wconf 81' lang='lat' dir='ltr'>literae</span> <span class='ocrx_word' id='word_1_44' title='bbox 608 1336 736 1377; x_wconf 84' lang='lat' dir='ltr'>facile</span> <span class='ocrx_word' id='word_1_45' title='bbox 757 1340 1093 1381; x_wconf 82' lang='lat' dir='ltr'>commutantur,</span> <span class='ocrx_word' id='word_1_46' title='bbox 1107 1334 1191 1375; x_wconf 89' lang='lat' dir='ltr'>nisi</span> <span class='ocrx_word' id='word_1_47' title='bbox 1205 1348 1357 1376; x_wconf 89' lang='lat' dir='ltr'>sensus</span> <span class='ocrx_word' id='word_1_48' title='bbox 1375 1337 1614 1377; x_wconf 85' lang='lat' dir='ltr'>verborum</span> 
     </span>
     <span class='ocr_line' id='line_1_9' title="bbox 142 1402 1535 1462; baseline -0.003 -13"><span class='ocrx_word' id='word_1_49' title='bbox 142 1407 368 1462; x_wconf 74' lang='lat' dir='ltr'>seriesque</span> <span class='ocrx_word' id='word_1_50' title='bbox 388 1404 603 1448; x_wconf 82' lang='lat' dir='ltr'>orationis</span> <span class='ocrx_word' id='word_1_51' title='bbox 626 1403 858 1446; x_wconf 83' lang='lat' dir='ltr'>manifesto</span> <span class='ocrx_word' id='word_1_52' title='bbox 879 1403 1018 1449; x_wconf 83' lang='lat' dir='ltr'>docet,</span> <span class='ocrx_word' id='word_1_53' title='bbox 1039 1408 1139 1443; x_wconf 90' lang='lat' dir='ltr'>utra</span> <span class='ocrx_word' id='word_1_54' title='bbox 1158 1402 1447 1459; x_wconf 87' lang='lat' dir='ltr'>intelligenda</span> <span class='ocrx_word' id='word_1_55' title='bbox 1467 1404 1535 1445; x_wconf 90' lang='lat' dir='ltr'>sit.</span> 
     </span>
     <span class='ocr_line' id='line_1_10' title="bbox 199 1471 1615 1532; baseline -0.002 -15"><span class='ocrx_word' id='word_1_56' title='bbox 199 1474 351 1517; x_wconf 86' lang='lat' dir='ltr'>Etiam</span> <span class='ocrx_word' id='word_1_57' title='bbox 377 1474 518 1532; x_wconf 78' lang='lat' dir='ltr'>Alpha</span> <span class='ocrx_word' id='word_1_58' title='bbox 545 1481 589 1515; x_wconf 88' lang='lat' dir='ltr'>et</span> <span class='ocrx_word' id='word_1_59' title='bbox 609 1471 811 1518; x_wconf 81' lang='lat' dir='ltr'>Lambda,</span> <span class='ocrx_word' id='word_1_60' title='bbox 834 1478 927 1512; x_wconf 89' lang='lat' dir='ltr'>tam</span> <span class='ocrx_word' id='word_1_61' title='bbox 953 1471 999 1512; x_wconf 90' lang='lat' dir='ltr'>in</span> <span class='ocrx_word' id='word_1_62' title='bbox 1028 1471 1262 1525; x_wconf 85' lang='lat' dir='ltr'>alphabeto</span> <span class='ocrx_word' id='word_1_63' title='bbox 1293 1473 1457 1513; x_wconf 83' lang='lat' dir='ltr'>unciali</span> <span class='ocrx_word' id='word_1_64' title='bbox 1483 1487 1615 1528; x_wconf 86' lang='lat' dir='ltr'>quam</span> 
     </span>
     <span class='ocr_line' id='line_1_11' title="bbox 142 1538 1613 1593; baseline -0.003 -7"><span class='ocrx_word' id='word_1_65' title='bbox 142 1543 189 1585; x_wconf 86' lang='lat' dir='ltr'>in</span> <span class='ocrx_word' id='word_1_66' title='bbox 206 1543 467 1590; x_wconf 87' lang='lat' dir='ltr'>minusculo,</span> <span class='ocrx_word' id='word_1_67' title='bbox 484 1540 615 1583; x_wconf 87' lang='lat' dir='ltr'>simili</span> <span class='ocrx_word' id='word_1_68' title='bbox 635 1540 887 1582; x_wconf 86' lang='lat' dir='ltr'>scribuntur</span> <span class='ocrx_word' id='word_1_69' title='bbox 908 1539 1054 1585; x_wconf 84' lang='lat' dir='ltr'>ductu,</span> <span class='ocrx_word' id='word_1_70' title='bbox 1072 1538 1256 1593; x_wconf 91' lang='lat' dir='ltr'>ideoque</span> <span class='ocrx_word' id='word_1_71' title='bbox 1276 1547 1613 1582; x_wconf 83' lang='lat' dir='ltr'>commutantur.</span> 
     </span>
     <span class='ocr_line' id='line_1_12' title="bbox 199 1607 1615 1668; baseline -0.003 -15"><span class='ocrx_word' id='word_1_72' title='bbox 199 1611 343 1668; x_wconf 73' lang='lat' dir='ltr'>Alpha</span> <span class='ocrx_word' id='word_1_73' title='bbox 375 1612 423 1652; x_wconf 84' lang='lat' dir='ltr'>in</span> <span class='ocrx_word' id='word_1_74' title='bbox 458 1607 674 1665; x_wconf 70' lang='lat' dir='ltr'>scriptura</span> <span class='ocrx_word' id='word_1_75' title='bbox 704 1608 877 1649; x_wconf 91' lang='lat' dir='ltr'>Codicis</span> <span class='ocrx_word' id='word_1_76' title='bbox 897 1607 1033 1648; x_wconf 85' lang='lat' dir='ltr'>Palat.</span> <span class='ocrx_word' id='word_1_77' title='bbox 1059 1613 1152 1648; x_wconf 88' lang='grc'>398.</span> <span class='ocrx_word' id='word_1_78' title='bbox 1190 1607 1326 1648; x_wconf 85' lang='lat' dir='ltr'>Paris.</span> <span class='ocrx_word' id='word_1_79' title='bbox 1346 1612 1467 1649; x_wconf 81' lang='lat'>1807.</span> <span class='ocrx_word' id='word_1_80' title='bbox 1504 1608 1615 1650; x_wconf 91' lang='lat' dir='ltr'>Vin-</span> 
     </span>
     <span class='ocr_line' id='line_1_13' title="bbox 142 1674 1615 1732; baseline -0.003 -10"><span class='ocrx_word' id='word_1_81' title='bbox 142 1681 240 1722; x_wconf 84' lang='lat' dir='ltr'>dob.</span> <span class='ocrx_word' id='word_1_82' title='bbox 264 1686 329 1722; x_wconf 76' lang='lat'>54.</span> <span class='ocrx_word' id='word_1_83' title='bbox 356 1680 626 1732; x_wconf 84' lang='lat' dir='ltr'>aliorumque</span> <span class='ocrx_word' id='word_1_84' title='bbox 666 1677 865 1718; x_wconf 87' lang='lat' dir='ltr'>codicum</span> <span class='ocrx_word' id='word_1_85' title='bbox 903 1675 1123 1716; x_wconf 80' lang='lat' dir='ltr'>interdum</span> <span class='ocrx_word' id='word_1_86' title='bbox 1156 1674 1317 1717; x_wconf 67' lang='lat' dir='ltr'>lineola</span> <span class='ocrx_word' id='word_1_87' title='bbox 1355 1676 1615 1718; x_wconf 85' lang='lat' dir='ltr'>instructum</span> 
     </span>
     <span class='ocr_line' id='line_1_14' title="bbox 142 1743 1614 1803; baseline -0.003 -13"><span class='ocrx_word' id='word_1_88' title='bbox 142 1754 208 1790; x_wconf 89' lang='lat' dir='ltr'>est</span> <span class='ocrx_word' id='word_1_89' title='bbox 223 1747 514 1803; x_wconf 85' lang='lat' dir='ltr'>productiore,</span> <span class='ocrx_word' id='word_1_90' title='bbox 536 1759 632 1800; x_wconf 90' lang='lat' dir='ltr'>quae</span> <span class='ocrx_word' id='word_1_91' title='bbox 652 1746 826 1786; x_wconf 85' lang='lat' dir='ltr'>literam</span> <span class='ocrx_word' id='word_1_92' title='bbox 843 1761 856 1785; x_wconf 84' lang='lat'><em>1</em></span> <span class='ocrx_word' id='word_1_93' title='bbox 874 1743 1064 1784; x_wconf 82' lang='lat' dir='ltr'>referat:</span> <span class='ocrx_word' id='word_1_94' title='bbox 1098 1750 1146 1784; x_wconf 90' lang='lat' dir='ltr'>ut</span> <span class='ocrx_word' id='word_1_95' title='bbox 1164 1757 1254 1784; x_wconf 92' lang='lat' dir='ltr'>non</span> <span class='ocrx_word' id='word_1_96' title='bbox 1275 1744 1460 1799; x_wconf 86' lang='lat' dir='ltr'>simplex</span> <span class='ocrx_word' id='word_1_97' title='bbox 1480 1749 1519 1792; x_wconf 82' lang='grc' dir='ltr'>ἃ,</span> <span class='ocrx_word' id='word_1_98' title='bbox 1536 1746 1614 1786; x_wconf 89' lang='lat' dir='ltr'>sed</span> 
     </span>
     <span class='ocr_line' id='line_1_15' title="bbox 143 1809 1613 1866; baseline -0.003 -8"><span class='ocrx_word' id='word_1_99' title='bbox 143 1815 187 1858; x_wconf 63' lang='grc' dir='ltr'><strong><em>ὦ</em></strong></span> <span class='ocrx_word' id='word_1_100' title='bbox 206 1816 359 1857; x_wconf 84' lang='lat' dir='ltr'>videre</span> <span class='ocrx_word' id='word_1_101' title='bbox 381 1815 464 1855; x_wconf 77' lang='lat' dir='ltr'>tibi</span> <span class='ocrx_word' id='word_1_102' title='bbox 484 1813 697 1860; x_wconf 78' lang='lat' dir='ltr'>videari83</span> <span class='ocrx_word' id='word_1_103' title='bbox 727 1826 763 1853; x_wconf 93' lang='lat' dir='ltr'>e.</span> <span class='ocrx_word' id='word_1_104' title='bbox 777 1826 811 1852; x_wconf 88' lang='lat' dir='ltr'>c.</span> <span class='ocrx_word' id='word_1_105' title='bbox 832 1809 1045 1852; x_wconf 76' lang='grc' dir='ltr'><em>ποιοῦνται</em></span> <span class='ocrx_word' id='word_1_106' title='bbox 1072 1824 1155 1865; x_wconf 90' lang='lat' dir='ltr'>pro</span> <span class='ocrx_word' id='word_1_107' title='bbox 1178 1809 1389 1859; x_wconf 77' lang='grc' dir='ltr'><em>ποιοῦντα,</em></span> <span class='ocrx_word' id='word_1_108' title='bbox 1409 1810 1505 1853; x_wconf 73' lang='grc' dir='ltr'>ὅσαι</span> <span class='ocrx_word' id='word_1_109' title='bbox 1531 1826 1613 1866; x_wconf 87' lang='lat' dir='ltr'>pro</span> 
     </span>
     <span class='ocr_line' id='line_1_16' title="bbox 142 1877 1614 1938; baseline -0.004 -12"><span class='ocrx_word' id='word_1_110' title='bbox 142 1882 238 1926; x_wconf 73' lang='grc' dir='ltr'>ὅσα.</span> <span class='ocrx_word' id='word_1_111' title='bbox 287 1882 384 1924; x_wconf 91' lang='lat' dir='ltr'>Hoc</span> <span class='ocrx_word' id='word_1_112' title='bbox 405 1881 546 1938; x_wconf 79' lang='lat' dir='ltr'>Alpha</span> <span class='ocrx_word' id='word_1_113' title='bbox 568 1881 824 1935; x_wconf 89' lang='lat' dir='ltr'>plerumque</span> <span class='ocrx_word' id='word_1_114' title='bbox 843 1878 890 1919; x_wconf 89' lang='lat' dir='ltr'>in</span> <span class='ocrx_word' id='word_1_115' title='bbox 912 1877 998 1918; x_wconf 88' lang='lat' dir='ltr'>fine</span> <span class='ocrx_word' id='word_1_116' title='bbox 1013 1891 1172 1919; x_wconf 81' lang='lat' dir='ltr'>vocum</span> <span class='ocrx_word' id='word_1_117' title='bbox 1194 1879 1476 1933; x_wconf 85' lang='lat' dir='ltr'>conspicitur.</span> <span class='ocrx_word' id='word_1_118' title='bbox 1527 1879 1614 1920; x_wconf 88' lang='lat' dir='ltr'>Sed</span> 
     </span>
     <span class='ocr_line' id='line_1_17' title="bbox 141 1945 1614 2008; baseline -0.005 -14"><span class='ocrx_word' id='word_1_119' title='bbox 141 1952 364 2008; x_wconf 82' lang='lat' dir='ltr'>reperitur</span> <span class='ocrx_word' id='word_1_120' title='bbox 383 1950 516 1992; x_wconf 87' lang='lat' dir='ltr'>etiam</span> <span class='ocrx_word' id='word_1_121' title='bbox 538 1949 583 1990; x_wconf 90' lang='lat' dir='ltr'>in</span> <span class='ocrx_word' id='word_1_122' title='bbox 603 1948 756 1990; x_wconf 91' lang='lat' dir='ltr'>mediis</span> <span class='ocrx_word' id='word_1_123' title='bbox 774 1948 970 1994; x_wconf 82' lang='lat' dir='ltr'>vocibus,</span> <span class='ocrx_word' id='word_1_124' title='bbox 992 1959 1028 1986; x_wconf 90' lang='lat' dir='ltr'>e.</span> <span class='ocrx_word' id='word_1_125' title='bbox 1044 1960 1079 1986; x_wconf 90' lang='lat' dir='ltr'>c.</span> <span class='ocrx_word' id='word_1_126' title='bbox 1103 1945 1149 1986; x_wconf 92' lang='lat' dir='ltr'>in</span> <span class='ocrx_word' id='word_1_127' title='bbox 1170 1959 1279 1986; x_wconf 79' lang='lat' dir='ltr'>voce</span> <span class='ocrx_word' id='word_1_128' title='bbox 1299 1945 1393 1993; x_wconf 78' lang='grc' dir='ltr'><em>πᾶς.</em></span> <span class='ocrx_word' id='word_1_129' title='bbox 1455 1946 1492 1987; x_wconf 92' lang='grc' dir='ltr'><strong>Ε</strong></span> <span class='ocrx_word' id='word_1_130' title='bbox 1511 1961 1614 1987; x_wconf 84' lang='lat' dir='ltr'>con-</span> 
     </span>
     <span class='ocr_line' id='line_1_18' title="bbox 141 2012 1612 2074; baseline -0.004 -12"><span class='ocrx_word' id='word_1_131' title='bbox 141 2019 297 2068; x_wconf 83' lang='lat' dir='ltr'>trario,</span> <span class='ocrx_word' id='word_1_132' title='bbox 320 2024 349 2060; x_wconf 83' lang='grc' dir='ltr'>ἃ</span> <span class='ocrx_word' id='word_1_133' title='bbox 367 2017 534 2074; x_wconf 81' lang='lat' dir='ltr'>passim</span> <span class='ocrx_word' id='word_1_134' title='bbox 563 2017 781 2072; x_wconf 87' lang='lat' dir='ltr'>reperitur</span> <span class='ocrx_word' id='word_1_135' title='bbox 806 2029 886 2070; x_wconf 91' lang='lat' dir='ltr'>pro</span> <span class='ocrx_word' id='word_1_136' title='bbox 914 2014 970 2055; x_wconf 80' lang='grc' dir='ltr'>ῐῖι.</span> <span class='ocrx_word' id='word_1_137' title='bbox 1029 2012 1260 2054; x_wconf 85' lang='lat' dir='ltr'>Librarius</span> <span class='ocrx_word' id='word_1_138' title='bbox 1281 2013 1453 2055; x_wconf 89' lang='lat' dir='ltr'>Codicis</span> <span class='ocrx_word' id='word_1_139' title='bbox 1475 2014 1612 2056; x_wconf 84' lang='lat' dir='ltr'>Palat.</span> 
     </span>
     <span class='ocr_line' id='line_1_19' title="bbox 144 2079 1615 2136; baseline -0.003 -8"><span class='ocrx_word' id='word_1_140' title='bbox 144 2091 254 2134; x_wconf 71' lang='lat'><strong>398„</strong></span> <span class='ocrx_word' id='word_1_141' title='bbox 282 2086 400 2127; x_wconf 87' lang='lat' dir='ltr'>unde</span> <span class='ocrx_word' id='word_1_142' title='bbox 429 2086 569 2126; x_wconf 85' lang='lat' dir='ltr'>verba</span> <span class='ocrx_word' id='word_1_143' title='bbox 593 2082 803 2129; x_wconf 78' lang='grc' dir='ltr'><em>ποιοῦντα,</em></span> <span class='ocrx_word' id='word_1_144' title='bbox 828 2080 923 2129; x_wconf 81' lang='grc' dir='ltr'>ὅσα,</span> <span class='ocrx_word' id='word_1_145' title='bbox 948 2081 1041 2129; x_wconf 81' lang='grc' dir='ltr'><strong><em>πᾶς,</em></strong></span> <span class='ocrx_word' id='word_1_146' title='bbox 1063 2079 1215 2128; x_wconf 84' lang='grc' dir='ltr'>παῖδα,</span> <span class='ocrx_word' id='word_1_147' title='bbox 1238 2084 1416 2135; x_wconf 81' lang='grc' dir='ltr'>Θρᾴκης,</span> <span class='ocrx_word' id='word_1_148' title='bbox 1441 2089 1615 2136; x_wconf 89' lang='lat' dir='ltr'>sumpta</span> 
     </span>
     <span class='ocr_line' id='line_1_20' title="bbox 141 2150 1614 2205; baseline -0.005 -8"><span class='ocrx_word' id='word_1_149' title='bbox 141 2161 252 2203; x_wconf 81' lang='lat' dir='ltr'>sunt,</span> <span class='ocrx_word' id='word_1_150' title='bbox 287 2153 364 2196; x_wconf 88' lang='lat' dir='ltr'>ubi</span> <span class='ocrx_word' id='word_1_151' title='bbox 393 2153 491 2201; x_wconf 80' lang='grc' dir='ltr'><em>παῖς</em></span> <span class='ocrx_word' id='word_1_152' title='bbox 525 2153 803 2194; x_wconf 89' lang='lat' dir='ltr'>scribendum</span> <span class='ocrx_word' id='word_1_153' title='bbox 842 2156 962 2196; x_wconf 86' lang='lat' dir='ltr'>esset,</span> <span class='ocrx_word' id='word_1_154' title='bbox 997 2155 1072 2190; x_wconf 91' lang='lat' dir='ltr'>aut</span> <span class='ocrx_word' id='word_1_155' title='bbox 1107 2151 1201 2190; x_wconf 70' lang='lat' dir='ltr'>Iota</span> <span class='ocrx_word' id='word_1_156' title='bbox 1236 2150 1430 2205; x_wconf 88' lang='lat' dir='ltr'>longum,</span> <span class='ocrx_word' id='word_1_157' title='bbox 1464 2151 1614 2191; x_wconf 86' lang='lat' dir='ltr'>subter</span> 
     </span>
     <span class='ocr_line' id='line_1_21' title="bbox 141 2218 1608 2276; baseline -0.003 -11"><span class='ocrx_word' id='word_1_158' title='bbox 141 2223 307 2265; x_wconf 84' lang='lat' dir='ltr'>lineam</span> <span class='ocrx_word' id='word_1_159' title='bbox 321 2223 567 2268; x_wconf 81' lang='lat' dir='ltr'>demissum,</span> <span class='ocrx_word' id='word_1_160' title='bbox 582 2220 643 2276; x_wconf 80' lang='lat' dir='ltr'>(v,</span> <span class='ocrx_word' id='word_1_161' title='bbox 657 2218 812 2272; x_wconf 79' lang='grc' dir='ltr'>παῖδα)</span> <span class='ocrx_word' id='word_1_162' title='bbox 826 2219 1017 2273; x_wconf 87' lang='lat' dir='ltr'>scripsit,</span> <span class='ocrx_word' id='word_1_163' title='bbox 1033 2224 1108 2259; x_wconf 86' lang='lat' dir='ltr'>aut</span> <span class='ocrx_word' id='word_1_164' title='bbox 1130 2220 1159 2258; x_wconf 84' lang='grc' dir='ltr'><strong>ἆ</strong></span> <span class='ocrx_word' id='word_1_165' title='bbox 1176 2218 1239 2258; x_wconf 87' lang='lat' dir='ltr'>ita</span> <span class='ocrx_word' id='word_1_166' title='bbox 1258 2219 1403 2272; x_wconf 89' lang='lat' dir='ltr'>posuit</span> <span class='ocrx_word' id='word_1_167' title='bbox 1423 2225 1471 2259; x_wconf 92' lang='lat' dir='ltr'>ut</span> <span class='ocrx_word' id='word_1_168' title='bbox 1485 2220 1504 2258; x_wconf 83' lang='grc' dir='ltr'><em>ἱ</em></span> <span class='ocrx_word' id='word_1_169' title='bbox 1518 2233 1608 2260; x_wconf 91' lang='lat' dir='ltr'>non</span> 
     </span>
     <span class='ocr_line' id='line_1_22' title="bbox 142 2284 1612 2347; baseline -0.003 -15"><span class='ocrx_word' id='word_1_170' title='bbox 142 2291 428 2347; x_wconf 87' lang='lat' dir='ltr'>contingeret.</span> <span class='ocrx_word' id='word_1_171' title='bbox 491 2288 544 2330; x_wconf 90' lang='lat' dir='ltr'>In</span> <span class='ocrx_word' id='word_1_172' title='bbox 573 2302 681 2329; x_wconf 85' lang='lat' dir='ltr'>voce</span> <span class='ocrx_word' id='word_1_173' title='bbox 709 2290 878 2341; x_wconf 79' lang='grc' dir='ltr'>Θρᾴκης</span> <span class='ocrx_word' id='word_1_174' title='bbox 901 2287 1033 2341; x_wconf 87' lang='lat' dir='ltr'>juxta</span> <span class='ocrx_word' id='word_1_175' title='bbox 1058 2286 1146 2326; x_wconf 88' lang='lat' dir='ltr'>tale</span> <span class='ocrx_word' id='word_1_176' title='bbox 1175 2284 1315 2340; x_wconf 81' lang='lat' dir='ltr'>Alplm</span> <span class='ocrx_word' id='word_1_177' title='bbox 1347 2287 1612 2341; x_wconf 90' lang='lat' dir='ltr'>conspicitur</span> 
     </span>
    </p>
   </div>
   <div class='ocr_carea' id='block_1_5' title="bbox 142 2357 1611 2480">
    <p class='ocr_par' dir='ltr' id='par_1_5' title="bbox 142 2357 1611 2480">
     <span class='ocr_line' id='line_1_23' title="bbox 142 2357 535 2413; baseline -0.003 -13"><span class='ocrx_word' id='word_1_178' title='bbox 142 2357 241 2400; x_wconf 77' lang='lat' dir='ltr'>Iota</span> <span class='ocrx_word' id='word_1_179' title='bbox 261 2359 535 2413; x_wconf 85' lang='lat' dir='ltr'>adscriptum.</span> 
     </span>
     <span class='ocr_line' id='line_1_24' title="bbox 190 2421 1611 2480; baseline -0.005 -11"><span class='ocrx_word' id='word_1_180' title='bbox 190 2425 299 2468; x_wconf 84' lang='lat' dir='ltr'>Aliis</span> <span class='ocrx_word' id='word_1_181' title='bbox 317 2427 363 2467; x_wconf 88' lang='lat' dir='ltr'>in</span> <span class='ocrx_word' id='word_1_182' title='bbox 378 2424 598 2467; x_wconf 90' lang='lat' dir='ltr'>codicibus</span> <span class='ocrx_word' id='word_1_183' title='bbox 616 2424 758 2480; x_wconf 77' lang='lat' dir='ltr'>Alpha</span> <span class='ocrx_word' id='word_1_184' title='bbox 778 2423 1004 2464; x_wconf 90' lang='lat' dir='ltr'>interdum</span> <span class='ocrx_word' id='word_1_185' title='bbox 1022 2421 1164 2463; x_wconf 85' lang='lat' dir='ltr'>literae</span> <span class='ocrx_word' id='word_1_186' title='bbox 1184 2422 1384 2476; x_wconf 87' lang='lat' dir='ltr'>proxime</span> <span class='ocrx_word' id='word_1_187' title='bbox 1413 2422 1611 2477; x_wconf 86' lang='lat' dir='ltr'>sequenti</span> 
     </span>
    </p>
   </div>
   <div class='ocr_carea' id='block_1_6' title="bbox 140 2490 1610 2887">
    <p class='ocr_par' dir='ltr' id='par_1_6' title="bbox 140 2490 1610 2887">
     <span class='ocr_line' id='line_1_25' title="bbox 140 2490 1610 2550; baseline -0.005 -13"><span class='ocrx_word' id='word_1_188' title='bbox 140 2509 221 2550; x_wconf 86' lang='lat' dir='ltr'>per</span> <span class='ocrx_word' id='word_1_189' title='bbox 235 2493 570 2537; x_wconf 83' lang='lat' dir='ltr'>semicircellum</span> <span class='ocrx_word' id='word_1_190' title='bbox 584 2493 723 2534; x_wconf 89' lang='lat' dir='ltr'>literae</span> <span class='ocrx_word' id='word_1_191' title='bbox 744 2493 769 2532; x_wconf 82' lang='grc' dir='ltr'><em>ὗ</em></span> <span class='ocrx_word' id='word_1_192' title='bbox 787 2505 877 2532; x_wconf 93' lang='lat' dir='ltr'>non</span> <span class='ocrx_word' id='word_1_193' title='bbox 894 2490 1148 2532; x_wconf 88' lang='lat' dir='ltr'>dissimilem</span> <span class='ocrx_word' id='word_1_194' title='bbox 1167 2490 1468 2531; x_wconf 86' lang='lat' dir='ltr'>continuatur:</span> <span class='ocrx_word' id='word_1_195' title='bbox 1494 2491 1610 2530; x_wconf 91' lang='lat' dir='ltr'>unde</span> 
     </span>
     <span class='ocr_line' id='line_1_26' title="bbox 140 2553 1610 2614; baseline -0.005 -9"><span class='ocrx_word' id='word_1_196' title='bbox 140 2563 316 2610; x_wconf 76' lang='lat' dir='ltr'>factum,</span> <span class='ocrx_word' id='word_1_197' title='bbox 337 2569 385 2604; x_wconf 93' lang='lat' dir='ltr'>ut</span> <span class='ocrx_word' id='word_1_198' title='bbox 402 2565 430 2604; x_wconf 77' lang='grc' dir='ltr'><strong>ἆ</strong></span> <span class='ocrx_word' id='word_1_199' title='bbox 447 2568 491 2603; x_wconf 92' lang='lat' dir='ltr'>et</span> <span class='ocrx_word' id='word_1_200' title='bbox 510 2565 566 2604; x_wconf 58' lang='grc' dir='ltr'><strong><em>ὦ</em></strong></span> <span class='ocrx_word' id='word_1_201' title='bbox 586 2565 960 2603; x_wconf 84' lang='lat' dir='ltr'>commutarentur</span> <span class='ocrx_word' id='word_1_202' title='bbox 976 2557 1094 2614; x_wconf 81' lang='lat' dir='ltr'>(vide</span> <span class='ocrx_word' id='word_1_203' title='bbox 1109 2572 1203 2599; x_wconf 83' lang='lat' dir='ltr'>voc.</span> <span class='ocrx_word' id='word_1_204' title='bbox 1221 2553 1440 2605; x_wconf 76' lang='grc' dir='ltr'>κατατοὺς,</span> <span class='ocrx_word' id='word_1_205' title='bbox 1460 2556 1610 2603; x_wconf 69' lang='grc' dir='ltr'><em>ταῦτα,</em></span> 
     </span>
     <span class='ocr_line' id='line_1_27' title="bbox 141 2624 1610 2681; baseline -0.004 -11"><span class='ocrx_word' id='word_1_206' title='bbox 141 2626 297 2677; x_wconf 77' lang='grc' dir='ltr'><strong><em>διατὸν,</em></strong></span> <span class='ocrx_word' id='word_1_207' title='bbox 314 2644 370 2671; x_wconf 84' lang='lat' dir='ltr'>ex</span> <span class='ocrx_word' id='word_1_208' title='bbox 388 2630 490 2671; x_wconf 91' lang='lat' dir='ltr'>Cod.</span> <span class='ocrx_word' id='word_1_209' title='bbox 507 2629 646 2672; x_wconf 78' lang='lat' dir='ltr'>Paris.</span> <span class='ocrx_word' id='word_1_210' title='bbox 664 2626 807 2681; x_wconf 76' lang='lat'>1524).</span> <span class='ocrx_word' id='word_1_211' title='bbox 867 2626 967 2668; x_wconf 91' lang='lat' dir='ltr'>Hoc</span> <span class='ocrx_word' id='word_1_212' title='bbox 986 2625 1155 2667; x_wconf 87' lang='lat' dir='ltr'>facilius</span> <span class='ocrx_word' id='word_1_213' title='bbox 1176 2624 1313 2666; x_wconf 87' lang='lat' dir='ltr'>etiam</span> <span class='ocrx_word' id='word_1_214' title='bbox 1333 2624 1502 2671; x_wconf 85' lang='lat' dir='ltr'>accidit,</span> <span class='ocrx_word' id='word_1_215' title='bbox 1521 2625 1610 2677; x_wconf 63' lang='lat' dir='ltr'>ubi,&gt;</span> 
     </span>
     <span class='ocr_line' id='line_1_28' title="bbox 142 2692 1609 2751; baseline -0.006 -12"><span class='ocrx_word' id='word_1_216' title='bbox 142 2703 191 2739; x_wconf 88' lang='lat' dir='ltr'>ut</span> <span class='ocrx_word' id='word_1_217' title='bbox 207 2698 255 2738; x_wconf 90' lang='lat' dir='ltr'>in</span> <span class='ocrx_word' id='word_1_218' title='bbox 275 2692 495 2745; x_wconf 80' lang='grc' dir='ltr'>κατατοὺς,</span> <span class='ocrx_word' id='word_1_219' title='bbox 518 2693 676 2744; x_wconf 82' lang='grc' dir='ltr'><strong><em>διατὸν,</em></strong></span> <span class='ocrx_word' id='word_1_220' title='bbox 695 2694 1033 2751; x_wconf 74' lang='lat' dir='ltr'>praepositiones,</span> <span class='ocrx_word' id='word_1_221' title='bbox 1054 2693 1213 2734; x_wconf 58' lang='lat' dir='ltr'>omisso</span> <span class='ocrx_word' id='word_1_222' title='bbox 1233 2705 1386 2732; x_wconf 87' lang='lat' dir='ltr'>earum</span> <span class='ocrx_word' id='word_1_223' title='bbox 1413 2697 1609 2737; x_wconf 84' lang='lat' dir='ltr'>accentu,</span> 
     </span>
     <span class='ocr_line' id='line_1_29' title="bbox 141 2758 1610 2819; baseline -0.004 -15"><span class='ocrx_word' id='word_1_224' title='bbox 141 2763 323 2805; x_wconf 83' lang='lat' dir='ltr'>vocibus</span> <span class='ocrx_word' id='word_1_225' title='bbox 356 2764 639 2819; x_wconf 88' lang='lat' dir='ltr'>sequentibus</span> <span class='ocrx_word' id='word_1_226' title='bbox 672 2764 948 2805; x_wconf 85' lang='lat' dir='ltr'>adhaererent</span> <span class='ocrx_word' id='word_1_227' title='bbox 965 2777 974 2802; x_wconf 92' lang='lat'><strong>:</strong></span> <span class='ocrx_word' id='word_1_228' title='bbox 1015 2761 1090 2815; x_wconf 91' lang='lat' dir='ltr'>qui</span> <span class='ocrx_word' id='word_1_229' title='bbox 1119 2759 1341 2801; x_wconf 88' lang='lat' dir='ltr'>scribendi</span> <span class='ocrx_word' id='word_1_230' title='bbox 1367 2772 1474 2805; x_wconf 88' lang='lat' dir='ltr'>mos,</span> <span class='ocrx_word' id='word_1_231' title='bbox 1503 2758 1610 2800; x_wconf 83' lang='lat' dir='ltr'>satis</span> 
     </span>
     <span class='ocr_line' id='line_1_30' title="bbox 142 2828 1146 2887; baseline -0.003 -15"><span class='ocrx_word' id='word_1_232' title='bbox 142 2831 218 2873; x_wconf 88' lang='lat' dir='ltr'>ille</span> <span class='ocrx_word' id='word_1_233' title='bbox 237 2832 453 2887; x_wconf 82' lang='lat' dir='ltr'>frequens,</span> <span class='ocrx_word' id='word_1_234' title='bbox 473 2845 650 2874; x_wconf 87' lang='lat' dir='ltr'>errores</span> <span class='ocrx_word' id='word_1_235' title='bbox 670 2844 761 2872; x_wconf 93' lang='lat' dir='ltr'>non</span> <span class='ocrx_word' id='word_1_236' title='bbox 780 2844 944 2885; x_wconf 88' lang='lat' dir='ltr'>paucos</span> <span class='ocrx_word' id='word_1_237' title='bbox 965 2828 1146 2884; x_wconf 88' lang='lat' dir='ltr'>peperit.</span> 
     </span>
    </p>
   </div>
   <div class='ocr_carea' id='block_1_7' title="bbox 860 2924 887 2949">
    <p class='ocr_par' dir='ltr' id='par_1_7' title="bbox 860 2924 887 2949">
     <span class='ocr_line' id='line_1_31' title="bbox 860 2924 887 2949; baseline 0 0"><span class='ocrx_word' id='word_1_238' title='bbox 860 2924 887 2949; x_wconf 83' lang='grc' dir='ltr'><em>Β</em></span> 
     </span>
    </p>
   </div>
  </div>
 </body>
</html>
